2782 4458
484 1215 487 1220 Ι
537 1071 732 1218 Caput
768 1071 812 1177 I.
912 1007 920 1012 -

139 1299 245 1388 Quae
271 1299 375 1382 ratio
402 1298 444 1380 in
472 1297 717 1382 diiudicanda
741 1299 995 1420 epistularum
1022 1300 1069 1382 lo.
1087 1297 1207 1384 Tullii

140 1423 328 1506 Ciceronis
348 1425 398 1508 ad
413 1425 463 1507 11.
477 1424 641 1506 Brutum
662 1424 898 1506 auctoritate
917 1424 1135 1508 adhibenda
1154 1425 1208 1508 sit

524 1547 821 1630 demonstratur.

240 1745 279 1808 In
313 1745 356 1808 M.
389 1744 489 1808 Tullii
524 1741 685 1808 Ciceronis
721 1743 761 1806 ad
795 1741 838 1807 M.
873 1744 1010 1808 Brutum
1045 1751 1078 1810 et
1111 1746 1206 1812 Bruti

137 1832 177 1896 ad
218 1830 401 1898 Ciceronem
440 1831 586 1917 epistulis
628 1831 863 1916 perscrutandis
907 1853 1099 1918 quamquam
1141 1835 1207 1898 iam

137 1920 197 1987 vin·
229 1922 429 2008 sagacissimi
464 1943 652 2006 summaque
684 1919 831 1986 doctrina
868 1921 1009 2007 insignes
1043 1943 1099 2005 per
1132 1923 1206 2008 plus

136 2015 264 2075 centum
288 2033 389 2075 annos
413 2032 541 2095 operam
565 2010 812 2086 collocaverunt,
837 2010 939 2076 nihilo
962 2012 1068 2075 minus
1085 2017 1249 2076 contro-2

136 2099 240 2163 versia
264 2105 373 2164 utrum
395 2121 505 2166 reuera
528 2121 583 2164 eee
606 2099 767 2184 epistulae
790 2101 856 2164 sint
879 2097 1040 2166 Ciceronis
1063 2105 1096 2165 et
1112 2099 1207 2166 Bruti

9 2187 11 2242 1
136 2208 178 2250 an
208 2187 342 2252 fictitiae
374 2187 535 2252 adfinem
564 2188 705 2253 nondum
733 2188 887 2274 perducta
909 2193 965 2254 est.
1011 2187 1077 2254 Nec
1099 2195 1207 2255 tamen

136 2296 172 2338 eo
205 2296 275 2338 sum
310 2275 497 2353 deterritum,
534 2276 573 2341 de
607 2277 753 2362 epistulis
788 2278 869 2342 hanc
904 2280 1221 2344 commentationem.

135 2363 279 2444 scribere,
301 2363 356 2429 sed
379 2365 456 2450 quid
479 2363 581 2430 bonae
603 2365 705 2452 frugis
729 2364 840 2430 afferre
858 2389 983 2451 possem
1006 2367 1138 2432 tentavi.

222 2452 352 2518 Primus
364 2475 448 2518 anno
458 2453 704 2520 duodevicesimi
717 2455 835 2520 saeculi
847 2456 1091 2542 quadragesimo
1103 2457 1205 2541 primo

135 2539 276 2603 Jacobus
307 2541 523 2622 Tumstallus1)
554 2543 685 2608 natione
707 2541 834 2628 Anglus
863 2545 899 2607 in
929 2545 1068 2629 epistula
1095 2547 1206 2612 critica

136 2626 177 2689 ad
207 2627 312 2696 virum
343 2627 472 2692 doctum
495 2629 756 2710 Middletonium,
785 2632 874 2696 cuius
899 2636 1145 2699 commentarius
1168 2634 1206 2700 de

135 2713 202 2779 vita
219 2715 262 2778 M.
278 2715 369 2788 Tulli
393 2713 555 2781 Ciceronis
577 2716 689 2782 eodem
711 2740 795 2782 anno
818 2717 988 2802 prodierat,
1010 2721 1205 2791 latinitatem

134 2803 344 2888 epistularum
367 2806 559 2892 impugnare
582 2810 715 2872 conatus
739 2811 849 2871 auctor
872 2829 1015 2872 summae
1030 2808 1119 2874 illius
1136 2833 1205 2875 con-

134 2893 287 2956 tentionis
310 2895 415 2958 factius
438 2901 495 2960 est.
538 2893 743 2981 Quamquam
766 2909 840 2960 vero
856 2895 1114 2979 Middletoniue‘2)
1137 2904 1206 2963 tan-

135 2984 202 3043 tam
225 2982 378 3046 iniuriam
401 2984 550 3070 epistulis
573 2985 683 3050 inferri
705 3007 769 3049 non
791 3007 903 3070 passus
933 3007 1087 3052 conamen
1120 2988 1205 3053 illud

134 3067 286 3154 repellere
318 3071 459 3149 studuit,
488 3071 590 3138 nihilo
614 3073 714 3139 setius
737 3075 832 3159 paulo
856 3080 930 3162 poet
952 3074 1140 3141 Tunstallus
1164 3077 1205 3142 ad

99 3205 103 3215 .
134 3158 217 3222 hanc
240 3163 418 3224 extremam
433 3160 595 3226 iudicandi
610 3167 721 3228 notam
737 3186 921 3250 progressus
942 3170 999 3244 est,
1022 3171 1060 3230 ut
1075 3168 1204 3231 omnino

136 3247 289 3330 epistulas
329 3247 402 3313 illas
441 3270 461 3312 a
491 3246 642 3316 Cicerone
673 3257 706 3317 et
734 3252 837 3317 Bruto
871 3252 1119 3336 abiudicaret³),
1152 3257 1203 3321 oui

135 3334 290 3400 ieremias
309 3335 517 3402 Marklandus
541 3337 756 3424 adstipulatus
780 3345 828 3405 est
837 3339 871 3421 ⁴).
909 3342 954 3406 Et
977 3345 1127 3428 quoniam
1150 3367 1206 3430 per

226 3523 245 3584 ¹)
264 3525 395 3596 Epistola
413 3531 450 3586 ad
469 3529 563 3586 virum
582 3530 725 3588 eruditum
743 3532 773 3588 C.
792 3533 953 3590 Middleton
971 3535 1047 3590 vitoe
1061 3536 1098 3589 M.
1114 3536 1204 3591 Tullii

135 3595 278 3652 Ciceronis
297 3598 465 3669 scriptorem
483 3605 538 3658 etc.
576 3599 710 3660 Cantabr.
731 3605 809 3660 1741.

135 3741 147 3793 t
225 3666 245 3736 ²)
263 3667 294 3722 in
312 3670 487 3740 praelatione
507 3673 649 3730 Ciceronis
672 3675 868 3745 epistularum.
907 3676 1028 3731 Londini
1058 3677 1125 3732 1743
1145 3678 1204 3733 cdi·

148 3757 237 3794 orum.

223 3809 244 3879 ⁸)
263 3810 465 3868 observatione
478 3831 514 3870 on
525 3817 576 3872 the
596 3821 712 3888 present
722 3818 875 3875 collection
893 3818 925 3873 of
940 3819 1059 3900 epistles
1072 3821 1204 3884 between

136 3879 231 3937 Cicero
256 3883 312 3938 and
338 3883 376 3938 Μ.
404 3885 524 3951 Brutus,
553 3889 753 3959 representing
779 3889 890 3944 several
918 3890 1036 3946 sordent
1062 3892 1156 3947 marks
1176 3893 1207 3946 of

135 3951 248 4022 forgery
267 3952 298 4009 in
315 3953 397 4011 these
416 3954 544 4027 epistles.
581 3959 697 4016 London
717 3960 799 4015 1744.

207 4023 245 4105 ᾖ)
264 4026 402 4082 Remarks
420 4045 457 4084 on
475 4027 524 4084 the
544 4030 662 4100 epistles
680 4031 714 4087 01
728 4029 786 4086 Cic.
805 4033 835 4088 to
854 4031 959 4088 Brutus
978 4032 1033 4087 and
1052 4034 1083 4087 of
1099 4035 1203 4090 Brutus

135 4095 165 4149 to
185 4092 289 4152 Cicero.
327 4096 444 4154 London
463 4099 542 4156 1745.
