2782 4458
609 185 802 247 ...5Ν

175 372 242 428 ses'e
283 363 507 448 applicuerunt
547 360 712 441 Nalrius¹),
753 360 904 425 Bardtius
917 357 944 440 2)
982 355 1244 437 Bemhardius3).

174 451 236 516 Sed
258 451 300 516 ad
317 473 426 516 eorum
450 449 649 530 sententiam,
673 451 730 532 qui
753 450 907 534 epistulas
925 446 1072 513 Ciceroni
1089 453 1122 512 et
1137 447 1243 510 Bruto

175 539 367 620 adiudicant,
385 539 533 624 propensi
548 543 636 604 sunt:
659 537 868 622 Nipperdeius
881 539 937 622 qui
950 541 1073 601 sextam
1086 535 1242 599 decimam

175 634 208 694 et
229 630 399 715 septimam
422 627 575 692 decimam
606 627 703 710 primi
724 626 800 691 libri
824 625 978 711 epistulas
1001 625 1085 689 solas
1108 623 1240 688 fictitias

175 739 243 782 esse
288 715 453 781 contendit
462 715 507 797 4),
558 715 713 780 Baehrius
728 711 765 796 ⁵),
811 714 986 779 Teuffelius
1001 711 1040 794 ⁶),
1085 712 1137 776 Fr.
1168 712 1244 776 Hof-

175 827 313 870 mannus
330 803 354 886 τ)
383 807 440 891 qui
468 806 537 870 fieri
567 827 659 890 posse
691 804 875 884 confitetur,
905 809 943 868 ut
975 803 1128 888 epistulae
1150 802 1247 886 primi

175 894 247 958 libri
281 895 346 960 sint
385 896 550 981 genuinae.
596 893 708 976 Atque
729 893 924 973 Boisserius,
955 893 1085 956 natione
1109 890 1246 954 Franco-

175 982 298 1069 gallus,
332 985 389 1069 qui
426 986 492 1048 iam
526 983 576 1047 bis
610 983 730 1065 optime
758 1003 827 1045 mea
858 981 984 1064 quidem
1016 980 1176 1046 sententia
1208 978 1247 1044 de

173 1072 217 1136 M.
229 1072 330 1138 Bruto
343 1072 502 1148 disseruIt,
525 1071 559 1132 in
574 1069 753 1132 Hermanni
765 1069 946 1133 defensione
969 1090 1027 1132 nos
1050 1068 1246 1152 acquiescere

174 1183 266 1245 posse
288 1157 421 1246 putam).
458 1159 612 1242 Denique,
636 1156 691 1241 qui
713 1158 893 1240 nuperrime
915 1156 954 1221 de
980 1156 1023 1220 M.
1046 1157 1146 1222 Bruto
1164 1178 1246 1221 com-

115 1299 118 1302 .
176 1249 404 1311 mentationem
423 1247 558 1331 scripsit,
582 1243 775 1331 Slevogtius,
798 1248 1046 1312 controversiam
1058 1267 1122 1310 non
1135 1244 1246 1309 diiudi-

177 1333 300 1414 cavitb.

266 1422 309 1486 Hi
337 1423 400 1490 fere
430 1430 522 1504 sunt,
553 1425 609 1509 qui
639 1424 723 1488 hanc
754 1424 974 1508 quaestionem
998 1424 1102 1488 adhuc
1126 1423 1245 1506 partim

174 1509 279 1576 fusius
314 1514 431 1597 partim
470 1514 505 1576 in
544 1529 730 1576 transcursu
768 1512 1048 1578 adumbraverunt.
1104 1509 1246 1584 Quorum

176 1603 447 1666 enumerationem
471 1602 499 1664 si
521 1601 622 1666 oculis
646 1601 749 1665 obiter
772 1605 899 1665 tantum
922 1601 1129 1685 percurreris,
1152 1599 1247 1664 facile

175 1691 360 1772 apparebit,
393 1690 489 1772 longe
520 1689 677 1772 plurimos
704 1709 776 1751 oum
807 1688 975 1752 Tunstallo
999 1696 1031 1753 et
1054 1687 1245 1752 Marklando

175 1776 285 1854 facere,
308 1777 398 1840 uobis
422 1775 515 1839 illudi
538 1782 571 1839 et
593 1777 707 1839 nubem
730 1797 788 1839 nos
811 1797 868 1860 pro
892 1777 1018 1841 Junone
1041 1776 1200 1862 amplecti.

264 1863 340 1928 Sine
373 1864 470 1956 dubiq
501 1863 535 1930 C.
568 1863 620 1930 Fr.
647 1863 863 1942 Hermannus,
892 1865 919 1930 si
941 1866 1024 1930 nihil
1051 1864 1154 1942 aliud,
1185 1865 1245 1930 hoc
1305 1863 1310 1880 ’

175 1960 283 2018 tamen
307 1953 421 2036 effecit,
443 1960 482 2018 ut
505 1952 643 2019 dilucide
663 1953 901 2035 demonstraret,
922 1989 954 1999 «-
979 1954 1013 2018 id
1025 1955 1108 2039 quod
1120 1975 1244 2018 summa

175 2042 269 2106 laude
300 2042 430 2129 dignum
464 2049 513 2108 cst
537 2079 575 2090 -
601 2041 725 2128 Anglos
756 2045 851 2108 nimis
880 2045 1015 2108 minute
1035 2049 1068 2108 et
1097 2050 1242 2128 anguste,

177 2152 383 2216 quaecunque
395 2132 447 2198 vel
457 2133 623 2196 minimam
636 2131 826 2198 insolentiae
838 2135 975 2218 speciem
990 2155 1066 2219 prae
1082 2156 1116 2198 se
1130 2135 1240 2198 ferunt

175 2220 210 2283 in
226 2218 455 2284 dubitationem
470 2242 601 2285 vocasse
616 2221 670 2294 vel
685 2222 852 2288 damnasse
867 2224 1112 2307 saepissimeque
1127 2222 1245 2287 nodum

175 2309 209 2371 in
240 2309 343 2394 scirpo
372 2310 549 2393 quaesisse,
583 2310 679 2393 idque
702 2310 873 2396 Zumptius
896 2310 964 2396 ipse
987 2313 1135 2395 quamvis
1158 2310 1246 2396 Ang-

175 2398 278 2461 lorum
301 2401 445 2484 apprime
467 2397 653 2463 Marklandi
675 2399 818 2464 defensor
841 2399 1071 2483 quodammodo
1094 2399 1246 2480 concedit,

175 2507 249 2550 cum
274 2485 417 2566 dioit¹⁰):
452 2485 570 2566 „Quem
603 2487 815 2569 (Ciceronem)
847 2487 922 2552 dum
949 2488 1053 2554 acrius
1078 2489 1246 2553 ulciscitur

176 2573 410 2652 (Hermanuus),
446 2574 531 2637 idem
562 2577 592 2638 ei
612 2576 739 2641 videtur
770 2598 863 2660 saepe
892 2576 1058 2658 accidisse,
1096 2576 1181 2662 quod
1210 2579 1246 2641 in

176 2658 368 2724 Marklando
400 2661 610 2745 vituperavit,
644 2669 682 2725 ut
711 2665 818 2726 miuus
848 2670 933 2727 recte
963 2664 1120 2730 iudicaret
1144 2687 1246 2749 eaque

176 2747 321 2814 Ciceroni
356 2749 527 2832 tribueret,
562 2771 642 2835 quae
672 2750 710 2815 ab
740 2771 776 2812 eo
804 2750 946 2835 profecta
977 2773 1045 2816 esse
1067 2759 1243 2836 nequeunt.

249 2957 288 3058 ⁴2)
307 2959 433 3043 Historia
452 2959 551 3016 critica
569 2962 607 3043 Μ
627 2961 657 3016 Τ.
678 2959 820 3016 Ciceronis
840 2960 1036 3032 epistularum.
1075 2963 1153 3018 1861.

278 3029 491 3098 lQuaestrones
511 3032 670 3087 Tullranue.
707 3033 801 3088 BeroI.
822 3032 900 3088 1866.

267 3097 288 3168 8)
308 3101 484 3227 (Iplurreqriss5ss
485 3103 558 3228 gielpe
560 3104 1096 3231 apq’ppiitslpllpen1{17i‘qtrrratu1rgerrchichte.
1135 3108 1241 3162 Braun-

265 3242 287 3312 ⁴)
300 3189 396 3367 {Meges
407 3191 531 3298 gannales
550 3263 598 3313 pg.
618 3244 649 3298 71
671 3194 825 3311 (illibrandi.
845 3247 894 3300 der
913 3247 1003 3302 sache.
1018 3248 1081 3303 Ges.
1096 3249 1146 3302 der
1157 3249 1241 3304 Wiss.

266 3385 287 3454 ⁶)
306 3315 474 3514 diligiorghqe
499 3387 549 3441 ser
567 3393 636 3442 rum.
655 3387 822 3443 nictentur.
859 3386 1007 3445 corrumpe
1034 3390 1111 3448 raso.
1148 3391 1200 3446 aa.
1220 3391 1244 3446 11

265 3523 286 3663 ξ)
300 3476 475 3655 {Mechichplq
483 3530 701 3655 derBrbrqischen
711 3530 877 3656 ppttpraqur.
904 3531 1022 3656 Leilpzlip
1034 3532 1110 3657 1372.
1122 3552 1169 3604 pg.
1181 3534 1242 3589 321.

284 3607 444 3728 ,aliid
458 3604 692 3743 altstidi}
715 3643 748 3728 a·
794 3647 799 3656 ·
842 3619 925 3658 Μ’
963 3647 967 3657 ’
1012 3610 1048 3659 ³¹²
1070 3605 1149 3659 Μ’
1176 3606 1242 3660 “e‘'

264 3737 285 3808 8)
304 3739 435 3795 Boissicr.
455 3743 551 3800 Cicero
579 3745 637 3798 und
662 3744 739 3799 scine
759 3745 897 3801 Breunde.
935 3747 1061 3802 Deutsch
1075 3747 1242 3803 'bearbeitet

368 3830 425 3867 von
442 3813 474 3868 B.
494 3814 626 3871 Doehler.
664 3815 782 3939 Leipzig
802 3816 879 3912 18p9.

297 3884 394 3939 Bevue
415 3885 464 3938 dos
483 3885 557 3940 deux
575 3886 691 3941 mondcs
712 3887 762 3941 186
785 3932 789 3940 ,
810 3886 853 3954 (Ἰ.
873 3887 1006 3956 XLVIII).

263 3952 283 4014 ⁹)
302 3956 444 4020 Quaedam
472 3956 506 4010 do
534 3957 571 4012 M.
600 3957 682 4012 Bruti
710 3957 784 4021 vita,
820 3956 968 4014 literarum
997 3959 1098 4014 studiis
1127 3958 1240 4030 scriptis

298 4025 550 4096 Petropoli.1870.
571 4047 611 4098 pg
639 4027 683 4082 62.

246 4093 278 4164 ιο)
298 4097 338 4152 De
357 4097 405 4154 Cic
433 4099 469 4154 ad
488 4099 567 4156 Brut.
586 4102 615 4154 ot
634 4097 716 4154 Bruti
735 4100 771 4154 ad
789 4099 845 4156 Cic.
865 4103 933 4156 mut.
954 4118 1019 4170 epp.
1038 4119 1087 4172 pg.
1108 4103 1133 4156 5.
