2782 4458
142 393 183 457 ad
206 392 352 458 Atticum
375 391 681 478 mnsaapparet1):
704 392 812 474 „ltane
833 391 964 456 nuntiat
975 391 1098 458 Brutus
1116 393 1212 458 illum

142 481 181 546 ad
207 483 306 547 bonos
337 480 445 546 viros?
478 481 562 558 eto.“‚
599 481 685 546 siout
713 486 799 545 recte
826 480 1005 544 Boisserius
1028 479 1211 546 observasse

142 571 222 634 mihi
244 567 421 651 videtur²lt
454 566 509 634 Au
538 570 649 634 milico
673 569 712 634 dc
734 574 840 634 toutcs
863 590 915 634 ces
938 568 1096 649 0111111110,
1120 567 1212 652 qu’on

142 681 183 724 ne
205 659 339 744 pcuvait
362 679 418 737 pas
442 663 613 739 connaitre,
635 659 661 722 il
683 679 717 722 se
739 679 834 743 passa
856 679 901 721 un
923 657 992 737 fait,
1015 657 1070 741 qui
1092 659 1212 742 surprit

142 749 305 831 beaucoup
328 748 359 811 le
382 747 489 832 public
513 753 545 813 et
568 767 629 832 que
651 748 698 812 les
720 747 831 813 lettres
843 745 881 810 de
894 743 1027 812 Ciceros
1042 751 1210 811 racontent

142 857 215 901 sans
238 833 432 921 l'expliquer.
478 834 594 909 Quand
617 859 659 900 on
682 838 789 922 apprit
812 856 875 919 que
898 832 1009 916 (issar,
1036 835 1211 919 vainqueur

142 925 196 991 des
227 924 280 988 fils
309 925 347 989 de
375 920 529 1004 Pompa,
556 926 700 989 revenait
722 926 742 988 1
763 924 880 1002 Rome,
907 923 1027 987 Brutus
1050 925 1111 988 mit
1133 924 1153 986 1
1176 944 1209 988 se

142 1018 249 1100 porter
271 1015 291 1077 1
314 1035 349 1078 sa
370 1018 538 1079 rencontre
557 1035 602 1075 un
619 1016 873 1096 empressement‚
899 1032 959 1095 que
971 1017 1043 1076 tout
1054 1011 1085 1077 le
1097 1011 1211 1076 monde

141 1124 311 1189 remarqua
333 1108 366 1166 et
389 1124 451 1184 que
473 1102 637 1183 beaucoup
661 1099 699 1163 de
714 1121 791 1186 gens
806 1099 992 1163 blamerent.
1027 1097 1109 1172 Quel
1130 1101 1217 1164 etait

142 1192 223 1256 dono
246 1213 304 1254 son
327 1188 475 1253 dessein?
520 1185 681 1271 Quelques
710 1193 793 1252 mots
816 1187 854 1251 de
877 1185 1023 1266 Ciceron,
1052 1189 1213 1271 auxquels

143 1302 191 1359 on,
208 1277 259 1341 n'a
281 1298 337 1353 pas
360 1277 421 1342 fait
443 1297 531 1340 assez
547 1274 744 1357 d’attention,
766 1281 959 1362 permettent
973 1274 1012 1340 de
1029 1276 1061 1339 le
1075 1276 1210 1341 diviner.

144 1365 199 1429 Au
223 1371 365 1429 moment
388 1364 426 1429 de
446 1365 580 1451 prendre
602 1387 665 1431 une
693 1366 868 1430 resolution
899 1369 1060 1448 supreme,
1090 1365 1210 1429 Brutus

143 1454 267 1519 voulait
298 1459 402 1519 tenter
430 1475 485 1520 sur
515 1452 637 1540 l’esprit
666 1454 704 1518 da
728 1445 825 1519 cesar
847 1475 891 1517 un
915 1452 1039 1518 dernier
1062 1452 1155 1518 effert
1178 1457 1212 1517 et
1264 1521 1269 1528 ,

128 1565 270 1626 000ογ01
282 1565 346 1608 une
370 1544 512 1609 derniere
527 1544 588 1608 fois
607 1541 645 1607 de
660 1543 691 1607 le
705 1541 895 1627 rapprocher
910 1541 948 1604 de
963 1542 996 1605 la
1011 1542 1209 1626 republique.

142 1630 171 1694 Il
204 1631 318 1697 affecta
351 1632 389 1696 de
414 1632 505 1697 louer
535 1631 654 1696 devant
675 1632 723 1695 lui
745 1631 790 1694 les
813 1651 891 1715 gens
915 1629 958 1694 du
980 1631 1067 1713 parti
1089 1630 1211 1710 vaincu,
1259 1633 1265 1650 “

144 1726 271 1784 surtcut
293 1719 441 1799 Ciceros,
471 1718 550 1784 dans
572 1718 779 1804 l’esperance‚
808 1717 903 1803 qu’ils
931 1718 1115 1802 pourraient
1145 1723 1211 1784 atre

145 1808 289 1892 rappeles
313 1828 380 1871 aux
403 1806 536 1872 affaires.
567 1805 665 1872 Odsar
687 1809 801 1872 ecouta
823 1828 873 1871 ses
896 1807 1002 1891 eloges
1026 1827 1102 1871 aveo
1124 1808 1210 1871 bien-

143 1897 317 1976 vallense,
345 1897 507 1961 accueillit
529 1897 603 1962 bien
624 1897 745 1961 Brutus
768 1902 800 1961 et
821 1917 862 1960 ne
883 1896 914 1959 le
935 1895 1130 1982 decouragea
1153 1918 1210 1980 pas

142 1991 225 2070 trop.
247 1984 389 2065 Gelai-ci,
401 1992 473 2071 trop
482 1987 663 2051 facilement
682 1985 829 2065 confiant,
847 1983 1031 2070 s'empressa
1043 1983 1210 2050 (101010111-

141 2097 197 2138 ner
209 2076 229 2138 1
240 2073 341 2140 Rome
354 2081 386 2140 et
395 2073 583 2140 d'annoncer
594 2077 614 2140 1
625 2081 698 2140 tout
709 2075 739 2140 lc
751 2074 873 2154 monde,
885 2096 946 2159 que
958 2071 1055 2139 Cesar
1066 2075 1210 2139 revenait

142 2184 206 2226 aux
217 2164 371 2229 honuetes
389 2165 495 2249 gens.“
523 2163 639 2247 Itaque
652 2185 723 2228 cum
735 2165 819 2228 inter
831 2161 977 2228 Caesaris
990 2164 1208 2228 interfectores

142 2253 248 2332 fuerit,
267 2252 327 2316 hoo
338 2252 510 2317 tenendum
523 2247 586 2332 est,
603 2274 675 2317 eum
687 2275 751 2316 non
764 2250 939 2332 Caesarem,
956 2251 1011 2315 sed
1023 2257 1208 2336 tyrannum,

141 2347 179 2404 ut
192 2361 377 2424 persuasum
395 2338 550 2422 habuitss),
564 2342 767 2421 interfecisse,
786 2341 833 2404 ita
851 2346 890 2405 ut
906 2340 1132 2418 quodammodo
1144 2341 1207 2405 sibi

141 2430 203 2513 ipsi
219 2435 387 2495 constaret.
418 2430 545 2495 Minora
566 2431 751 2510 maioribus,
772 2429 979 2514 reipuplicae
990 2428 1134 2494 libertati
1147 2430 1209 2493 sibi

141 2519 298 2581 subiicere
327 2520 433 2582 visum
462 2524 533 2583 erat
560 2518 662 2582 Bruto
690 2519 837 2602 idemque
865 2517 1072 2582 iudicandum
1100 2524 1149 2582 est
1171 2517 1209 2582 de

141 2604 193 2682 iis,
227 2625 310 2688 quae
332 2612 442 2685 postea
464 2608 572 2689 legum
596 2607 788 2668 auctoritate
811 2604 1042 2686 quodammodo
1065 2607 1209 2690 neglecta

144 2691 228 2756 fecit.
273 2691 420 2755 Primum
442 2714 516 2756 vero
539 2713 661 2776 semper
683 2714 753 2755 eam
776 2693 862 2756 viam
877 2691 1123 2775 ingrediebatur,
1145 2716 1208 2777 qua

140 2802 190 2845 res
219 2780 328 2866 legum
356 2782 548 2858 auctoritate
580 2785 706 2845 servata
728 2779 769 2844 ad
792 2779 914 2844 exitum
937 2782 1102 2862 pervenire
1124 2787 1208 2864 pote·

140 2875 221 2932 rant.
267 2870 350 2934 Tum
381 2869 524 2949 demum,
555 2891 629 2935 cum
656 2869 716 2934 hac
738 2869 792 2934 via
814 2867 897 2932 nihil
918 2866 1027 2953 perfici
1049 2889 1141 2954 posse
1163 2870 1209 2932 in-

142 2956 327 3038 tellexisset,
361 2961 457 3024 etiam
490 2960 546 3024 ille
579 2959 674 3024 homo
708 2959 794 3043 pacis
825 2957 1064 3022 amantissimus
1098 2963 1209 3022 contra

143 3047 229 3131 leges
247 3047 280 3110 vi
303 3047 426 3130 agebat,
449 3049 504 3114 sed
525 3069 649 3132 semper
671 3069 708 3112 eo
731 3047 873 3126 consilio,
895 3052 934 3111 ut
956 3067 1065 3110 earum
1089 3047 1207 3132 legum,

142 3140 253 3199 contra
277 3156 353 3220 quas
377 3157 469 3220 agere
503 3143 632 3202 coactus
663 3143 744 3214 erat,
778 3136 956 3200 auctoritas
979 3137 1208 3200 restitueretur.

141 3221 277 3288 Caesare
294 3224 460 3289 interfecto
476 3223 586 3289 Cicero
609 3225 736 3309 quidem
759 3224 948 3309 postulavit,
972 3228 1010 3288 ut
1031 3223 1153 3288 Brutus
1177 3230 1209 3289 et

143 3310 274 3377 Cassius
312 3313 424 3378 statim
459 3318 606 3378 senatum
640 3317 864 3392 convocarent,
901 3311 935 3376 id
968 3312 1052 3397 quod
1088 3314 1209 3379 Brutus

142 3401 271 3485 respuit,
293 3407 403 3486 utpote
420 3403 474 3488 qui
485 3400 623 3466 Antonii
638 3401 775 3466 consulis
789 3423 907 3466 munus
924 3423 1076 3479 occupare
1094 3402 1208 3480 nollet3

141 3488 262 3552 Brutus
291 3492 409 3573 suasit,
440 3496 478 3555 ut
500 3489 609 3556 Cicero
633 3489 674 3555 ad
696 3487 877 3555 Antonium
895 3491 978 3569 iret,
1010 3496 1047 3553 ut
1071 3512 1143 3555 eum
1167 3490 1208 3554 ad

141 3575 366 3642 defendendam
399 3579 627 3666 rempublicam
659 3577 884 3701 adhortaretur
895 3575 931 3661 ⁴),
985 3577 1094 3643 Etiam
1128 3585 1208 3660 tum,

233 3842 254 3982 ll
272 3843 389 3969 1101111
404 3843 517 4040 d'i'prldi
540 3915 583 3970 les
601 3916 701 3971 lettres
730 3915 765 3970 de
790 3913 908 3970 ciceron
926 3912 1033 3982 (Rarus
1058 3912 1108 3970 des
1133 3913 1208 3968 deux

276 3986 392 4041 mondes
412 3986 445 4041 ls
464 3985 481 4039 3
500 4003 547 4055 pg.
567 3985 622 4056 83).

197 4129 201 4176 3
234 4053 257 4195 l
274 4056 554 4192 tradite
573 4057 614 4112 ⁵²·

1382 629 1384 726 l
