2782 4458
582 150 803 218 ..23-

169 353 237 394 νιον
268 333 357 414 μίσει
388 324 428 394 τὰ
460 331 619 430 Καίσαρος
651 324 806 432 ἔπραττε,
834 319 934 427 τουτιρ
966 322 1027 405 μὲν
1050 319 1068 386 6
1091 327 1230 410 Βροῦτος

171 415 405 524 ἕπέπλτμτεν’
391 418 537 502 ισχυρῶς,
560 411 690 501 γράφων
707 412 747 490 ὡς
770 409 807 479 οὐ
830 408 989 517 66666666
1012 417 1150 516 φοβοῖτο,
1173 415 1229 478 καὶ

167 510 366 576 πολιτευοιτο
403 507 545 580 δουλειας
579 504 701 591 αἵρεσιν
735 497 980 614 φιλανθρώπου
997 496 1144 605 γράφων
1176 504 1230 570 καὶ

169 599 279 680 λέγων,
317 593 358 670 ὡς
384 590 514 700 χρηστός
544 611 613 661 εστι
636 600 773 704 Καῖσαρ.
820 591 862 658 06
884 591 919 658 δὲ
941 585 1098 700 πρόγονοι,
1113 597 1229 679 φησίν,

169 683 259 775 ἡμῶν
293 681 366 752 6666
393 680 515 773 πρᾴους
541 678 737 757 δεσπότας“
720 688 889 785 οπέμενυν.
935 676 1024 785 Αὐτῷ
1045 678 1118 754 δἐἰς
1139 684 1231 747 τοῦτο

170 778 281 891 καιροῦ
310 770 390 880 μα’με
418 777 574 888 πολεμεῖν
595 777 727 860 βεβαίως
760 765 924 852 δεδόχθαι,
952 765 1034 858 μήτε
1053 765 1231 874 ησυχοὶζειν

174 860 243 932 ἀλλ’
266 863 301 932 ἓν
323 859 421 948 μόνον
444 857 526 930 εἶναι
547 864 801 966 βεβουλευμένον,
823 855 859 925 τὸ
882 855 928 964 μὴ
950 854 1117 928 δουλευειν.
1152 864 1231 926 666

172 950 283 1037 μάζειν
295 957 332 1022 δέ
340 961 509 1060 Κικέρωνα
534 975 563 1018 ει
554 947 725 1034 π’όλεμον
735 951 796 1033 μεν
806 944 964 1032 εμφυλιον
985 951 1038 1015 καὶ
1060 929 1232 1037 κινδῦνωδη

169 1046 320 1126 δέδοικεν,
355 1037 486 1127 αἰσχρὸν
508 1040 544 1107 66
565 1041 619 1105 καὶ
642 1035 755 1114 ἄδοξον
777 1033 901 1146 εἰριῇαμ
923 1035 961 1104 οὐ
984 1044 1144 1147 φοβεῖταιε
1173 1043 1230 1106 τοῦ

171 1095 356 1200 δἈντωνὶον
371 1129 568 1234 ἐκβαλεῖν
532 1152 586 1216 της
603 1131 783 1214 τυραννιδος
803 1123 926 1211 μισθὸν
941 1126 1023 1196 αἰτεῖ
1038 1123 1074 1194 τὸ
1086 1133 1231 1236 Καίσαρα

169 1223 370 1332 καταστῆσαι
397 1214 555 1328 τύραννον
601 1219 685 1284 Turn
718 1219 821 1305 pergit
848 1217 964 1328 (eapite
988 1217 1057 1302 23);
1091 1212 1143 1284 Ἰῖν
1171 1218 1232 1301 μὲν

172 1301 229 1375 666
250 1317 319 1383 ταῖς
340 1303 478 1393 πρώταις
500 1303 682 1382 ἐπιστολαῖς
704 1313 842 1382 τοιοῦτος
864 1303 882 1374 6
905 1304 1063 1394 motzae?
1092 1303 1174 1416 Ἤδη
1196 1309 1232 1374 δὲ

169 1401 232 1464 666
253 1395 357 1482 μέν’
336 1423 377 1472 ως
386 1402 538 1483 Καισαρα
560 1401 623 1463 6666
644 1392 734 1471 δ’ως
726 1393 880 1464 έντωνιον
894 1400 1109 1480 διισταμένων,
1132 1392 1232 1462 «6666
1342 1450 1346 1459 .

171 1487 207 1553 δὲ
240 1491 475 1592 στρατοπέδων,
512 1484 620 1592 ὥσπερ
653 1482 719 1552 ὑπὸ
747 1482 873 1594 κήρυκι,
881 1491 1174 1594 ’προστιθεμένων
1187 1490 1232 1575 τῷ

167 1578 269 1643 πλέον
289 1573 424 1658 διδόντι,
451 1572 644 1642 παντάπασι
666 1571 834 1656 καταγνοὺς
855 1579 917 1639 τῶν
938 1597 1131 1681 πργαματων
1155 1573 1232 1657 ἔγνω

170 1668 358 1733 καταλιπεῖν
369 1662 522 1750 Ἰταλίαν,
544 1667 597 1731 καὶ
619 1665 699 1750 πεζῇ
722 1659 962 1738 διὰΛευιιαυίας
983 1662 1028 1738 εἷς
1049 1659 1153 1730 Ἐλέαν
1175 1661 1232 1730 ἐπὶ

169 1750 382 1820 θάλασσαν
365 1777 446 1843 ηκεν.

258 1844 381 1930 Itaque,
404 1865 488 1947 quae
507 1843 578 1929 ipsc
588 1841 711 1908 Brutus
722 1841 867 1909 Ciceroni
890 1843 1015 1908 crimini
1038 1841 1103 1919 dat,
1126 1843 1231 1908 verbis

170 1937 389 2002 eontinentur:
412 1927 560 2019 ,γ,ρα’φωυ
581 1934 635 1997 καὶ
656 1929 797 2014 λέγωνε
776 1956 817 2008 ως
830 1951 961 2020 χρηστος
972 1928 1040 1996 εστι
1052 1933 1192 2017 Καισαρ
1197 1933 1231 2013 1),

169 2026 327 2109 simulque
349 1985 443 2092 6606
464 2024 598 2105 Brutus,
629 2044 711 2107 quae
745 2023 920 2090 necessario
950 2021 1025 2088 inde
1052 2019 1233 2108 colligenda

170 2113 232 2176 sibi
259 2112 421 2193 videntur,
452 2073 635 2178 Oioeron6m
664 2113 944 2178 commutationem
974 2117 1101 2178 tantum
1123 2116 1231 2196 tyran-

171 2221 299 2282 norum,
341 2201 502 2266 mitiorem
534 2203 722 2267 servitutem
755 2205 869 2288 petere.
913 2201 953 2266 In
988 2205 1080 2266 sexta
1113 2199 1231 2266 decima

170 2290 309 2376 epistula
338 2293 367 2357 si
396 2311 503 2356 severe
529 2290 626 2356 verba
655 2291 773 2377 exigas,
802 2291 883 2356 duce
905 2296 1032 2358 tantum
1054 2291 1231 2356 sententiae

169 2379 335 2466 leguntur,
369 2401 451 2465 quae
484 2379 663 2447 incredibili
694 2381 891 2466 loquacitate
921 2401 1020 2465 usque
1045 2385 1232 2467 repetuntur

169 2471 266 2550 atque
296 2468 518 2534 similitudinis
547 2469 715 2534 cuiusdam
743 2471 879 2554 speciem
902 2491 978 2554 prae
1001 2470 1177 2536 scierunt:
1210 2489 1231 2533 a

169 2553 320 2620 Cicerone
337 2561 490 2640 tyrannm
505 2561 717 2621 commutatos
730 2561 857 2622 tentum
869 2578 951 2636 esse;
976 2563 1024 2622 et:
1046 2557 1231 2624 Ciceronem

169 2644 285 2729 petiise
306 2644 348 2709 ab
371 2643 549 2712 Octaviano
571 2650 609 2710 ut
631 2646 716 2710 viros
738 2645 837 2710 bonos
859 2607 966 2710 sclv6s
988 2644 1095 2711 vellet.
1141 2645 1231 2712 Idem

167 2733 241 2813 fere,
265 2731 349 2818 quod
371 2733 489 2798 attinet
512 2732 552 2798 ad
568 2735 798 2801 sententiarum
813 2731 1066 2816 similitudinem,
1088 2733 1206 2802 cadit
1196 2757 1232 2799 m

167 2822 333 2907 septimam
366 2821 523 2888 decimam
549 2821 728 2928 epistulam
774 2819 836 2888 Sed
863 2821 924 2887 hoc
954 2823 1039 2888 inter
1064 2819 1143 2889 Plut
1144 2823 1231 2888 erohi

167 2913 381 2982 narrationem
404 2918 437 2978 et
460 2933 510 2993 ea,
539 2933 620 2998 qnae
641 2912 723 2976 his
713 2934 748 2976 m
771 2911 916 2991 epistulis
938 2913 1103 3000 leguntur,
1132 2912 1230 2979 verba

167 3019 358 3084 magnopere
372 2962 515 3083 interest:
530 3000 613 3087 quod
624 3022 670 3083 66,
686 3023 769 3088 quae
783 3000 869 3088 apud
882 3001 1090 3067 Plutarchum
1107 3001 1230 3068 Brutus

167 3109 206 3154 ex
229 3109 303 3170 usu,
326 3090 381 3175 qui
403 3085 548 3156 ciceroni
571 3113 643 3157 cum
665 3091 843 3159 Octaviano
868 3096 949 3172 erat,
972 3090 1138 3178 collegisse
1161 3097 1229 3156 tan-

166 3183 236 3242 tum
260 3112 388 3260 dilritur,
410 3177 493 3243 his'
484 3201 519 3244 rn
541 3180 721 3265 epistulis
712 3201 778 3246 mm
800 3141 986 3246 aOicer6ne
1004 3180 1145 3266 pe'rfeotc
1159 3201 1230 3246 nar-

167 3272 290 3332 rantur.
335 3267 384 3333 Re
417 3272 528 3333 autem
558 3289 634 3334 vera
664 3269 904 3334 Plutarchum
895 3291 930 3333 m
951 3271 1138 3336 narratione
1169 3291 1231 3335 sua

168 3375 234 3418 non
247 3355 378 3442 longius
390 3358 588 3443 processisse,
612 3358 709 3422 etiarn
725 3357 773 3422 alt
759 3363 808 3423 ter
818 3359 916 3437 loeus,
913 3380 995 3468 qm
985 3358 1068 3425 huc
1079 3359 1230 3468 pertinet,

168 3441 307 3508 dilucide
329 3444 544 3556 demonstrat:
566 3447 623 3512 vit
646 3445 787 3512 Ciceros.
810 3444 870 3510 45:
893 3442 973 3512 οὕτω
995 3441 1054 3550 γὰρ
1073 3469 1176 3562 νπμει
1190 3472 1227 3512 66

166 3526 330 3636 μειράκιον
352 3528 463 3616 αὐτὸν,
493 3529 567 3610 ὤςτε
589 3537 642 3600 καῖ
670 3541 794 3620 πατέρα
816 3530 1064 3646 προςαγορεύειν.
1108 3531 1176 3620 Ἐφ’
1205 3519 1230 3626 6

167 3617 479 3725 σφοδραΒροῦτος’
459 3621 685 3705 αγανακτῶνέν
700 3632 768 3699 ταῖς
790 3621 882 3733 πρὸς
892 3619 1025 3692 ’Κυνικὸν
1047 3622 1230 3700 ἐπιστολαῖς

166 3705 346 3824 καθήψατο
367 3735 423 3776 του
407 3709 652 3813 Κιιιέρωνος,
634 3738 683 3778 οτι
694 3708 746 3780 διὰ
760 3709 861 3799 φόβον
872 3709 1028 3782 Ἀντωνίου
1038 3710 1230 3819 θεραπεύων

171 3796 227 3864 666
249 3804 393 3908 Καίσαρα
420 3795 513 3904 δῆλός
534 3797 688 3883 ἐστιν’
651 3826 707 3868 ουκ
729 3799 915 3912 ἐλευθερίαν
932 3823 971 3908 cp
991 3805 1119 3889 πατρίδι
1133 3798 1230 3888 πράτ·

165 3909 234 3968 των,
259 3881 340 3955 ἀλλὰ
363 3881 521 3977 δεσπότην
539 3885 771 3976 φιλάνθρωπον
792 3887 876 3980 αὑτῷ
897 3913 1066 3976 μνωμενος.

168 4021 323 4030 ψ.

253 4079 274 4148 ¹)
294 4023 404 4153 Zumpt.
423 4083 443 4137 l.
463 4100 485 4138 6.
505 4099 554 4154 μς.
572 4081 633 4140 746.

1338 2899 1374 2914 aas*
