2782 4458
604 133 824 196 -10-

228 305 343 391 Epist.
367 305 399 387 I,
422 293 455 386 2⁴,
479 303 521 376 52
553 305 661 388 „Quod
683 307 794 371 scribis
817 329 868 371 me
890 308 1028 374 maximo
1051 311 1122 392 otio
1141 313 1250 396 egisse,

311 401 349 460 ut
376 397 549 460 insectarer
571 395 749 474 Antonios,
785 395 879 479 idque
910 395 1041 477 laudas,
1077 399 1169 464 credo
1203 401 1251 464 ita

313 485 374 549 tibi
397 484 498 550 videri
520 485 595 548 etc.“
754 539 755 543 ,

270 571 342 648 Quo
365 573 435 638 loco
458 579 510 638 sat
532 573 695 658 implicato
720 579 752 638 et
774 573 901 658 spinoso
925 573 1091 660 Zumptius
1106 575 1129 656 ¹)
1151 584 1249 644 struc-

182 667 287 726 turam
309 661 426 750 „egisse
449 662 502 728 ut‘
526 663 719 748 exagitavit;
752 661 920 726 dicendum
951 665 1036 727 enim
1059 665 1156 730 fuisse
1180 689 1250 733 con-

181 750 285 816 tendit
321 751 471 832 ,fecisset
502 773 575 816 oum
605 749 717 816 Cicero
744 772 853 815 revera
884 750 1043 817 Antonios
1073 756 1250 821 insectatus

182 844 272 920 esset,
294 861 407 926 „agere
434 840 489 904 ut‘
519 844 628 904 autem
651 839 733 904 nihil
755 839 950 924 significaret
971 843 1036 905 nisi
1060 847 1250 923 „consilium

180 928 320 1008 habere“‚
358 927 410 1010 „id
439 950 531 1014 agere
561 928 622 991 ut‘.
677 926 797 992 Contra
828 925 1028 994 Hermannus
1059 935 1250 1018 scripturam

181 1017 287 1082 verbis
311 1039 350 1081 ex
373 1018 511 1102 epistula
535 1014 575 1081 ad
597 1013 707 1089 Quint.
731 1017 863 1080 fratrem
884 1017 985 1098 1‚3‚c
1009 1025 1144 1098 sumptis
1167 1024 1249 1088 tueri

179 1111 313 1170 conatus
325 1111 374 1170 est
384 1103 421 1187 2);
450 1127 549 1189 „quae
571 1105 600 1169 si
622 1105 710 1190 queri
732 1106 830 1170 velim
854 1109 1032 1194 praeterita,
1055 1111 1139 1175 nihil
1157 1135 1248 1198 agam

180 1196 244 1258 nisi
274 1200 312 1259 ut
345 1215 480 1280 augeam
514 1193 678 1275 dolorem“‚
712 1193 745 1258 id
779 1195 864 1280 quod
894 1218 952 1260 suo
983 1204 1052 1262 iure
1082 1197 1247 1286 Zumptius

179 1285 324 1348 reiecisse
341 1284 422 1346 mihi
443 1280 613 1364 rideturl)²
642 1304 715 1348 cum
737 1284 797 1348 hoc
820 1306 946 1368 quoque
967 1286 1037 1351 loco
1060 1310 1124 1351 non
1146 1311 1248 1360 neces-

180 1373 265 1436 sario
296 1372 432 1436 actionis
454 1373 545 1436 notio
568 1371 661 1436 adsit.
707 1371 828 1436 Verum
851 1379 958 1438 tamen
981 1378 1161 1461 corruptela
1185 1403 1248 1444 om-

179 1461 256 1525 nino
292 1481 355 1524 non
389 1461 424 1524 in
458 1460 561 1526 verbis
595 1461 714 1546 „egisse
744 1461 798 1525 ut“
833 1461 888 1526 sed
918 1463 952 1526 in
983 1467 1140 1543 „maximo
1162 1469 1248 1531 οῒὶοιι

178 1548 286 1614 latere
319 1548 458 1631 videtur,
492 1551 576 1614 sicut
605 1550 704 1613 etiam
734 1551 898 1614 nonnullis
919 1551 997 1616 viris
1019 1553 1118 1618 doctis
1140 1555 1275 1634 visun
1366 1611 1367 1622 ,

178 1643 236 1703 est·
273 1635 431 1702 Gruterus
454 1660 494 1701 ex
516 1639 643 1723 aliquot
665 1637 857 1703 editionibus
880 1639 972 1704 affert
1002 1642 1114 1723 „odio“,
1135 1642 1246 1709 Manu-
1366 1645 1367 1650 ’

177 1730 243 1792 tius
274 1727 406 1792 coniecit
414 1725 440 1808 4)
470 1728 616 1808 „anim0“,
648 1726 734 1812 quod
760 1727 907 1792 Ernestio
936 1752 1059 1813 quoque
1074 1812 1077 1818 Ι
1092 1734 1198 1797 arrisit
1214 1728 1246 1816 ⁵).
1366 1733 1367 1778 l

154 1815 239 1890 xSed
274 1821 307 1880 et
335 1837 449 1900 parum
479 1817 580 1882 latine
610 1816 697 1881 dicta
727 1822 803 1880 sunt
826 1821 858 1881 et
881 1816 1071 1901 difficultas,
1101 1843 1182 1907 quae
1212 1824 1246 1886 in
1366 1845 1367 1852 ¹

177 1907 295 1990 „egisse
324 1904 377 1969 ut*
408 1906 508 1986 inest,
537 1905 627 1969 nullo
657 1904 750 1969 modo
781 1905 920 1970 tollitur.
965 1906 1075 1993 Atque
1098 1913 1195 1974 etiam
1218 1913 1246 1975 si

178 2017 251 2059 cum
273 1992 420 2078 Mezgero
435 1990 459 2073 6)
494 2001 648 2074 „maximo
682 1995 763 2058 otio“
796 1996 1046 2070 interpretamur
1076 1997 1133 2078 „da
1164 2000 1245 2064 noch
1366 2023 1367 2028 ¹

175 2085 267 2148 tiefer
279 2080 393 2146 Friede
414 2082 506 2163 war“‚
529 2082 564 2148 id
574 2083 704 2146 minime
720 2082 797 2146 mihi
815 2085 850 2146 in
861 2086 1092 2151 sententiarum
1105 2082 1245 2154 tenorem

176 2171 333 2256 quadrare
360 2170 495 2236 videtur.
547 2171 684 2238 Omnino
716 2173 801 2236 enirn
828 2175 897 2257 ejus
928 2174 1014 2240 modi
1044 2179 1245 2242 sententiaa

175 2261 221 2325 M.
244 2261 348 2324 Bruto
378 2261 580 2345 pronuntiari
601 2283 666 2325 non
688 2262 807 2344 potuit,
842 2283 914 2326 cum
937 2286 1066 2348 prorsus
1089 2274 1246 2352 repugnet

175 2461 277 2502 unum
299 2438 333 2501 in
357 2439 405 2519 iis,
428 2459 511 2522 quae
534 2444 718 2523 sequuntur,
741 2437 886 2504 affertur:
910 2447 1016 2504 acrius
1034 2441 1119 2504 bella
1135 2443 1246 2508 civilia

177 2549 245 2592 esse
275 2526 481 2612 prohibenda.
529 2524 621 2600 Quod
643 2528 830 2592 institutum
852 2550 963 2594 revera
994 2551 1066 2594 eum
1096 2534 1245 2613 tenuisse,
1366 2521 1367 2558 l

176 2637 215 2680 ea
239 2637 321 2700 quae
342 2617 432 2681 nobis
455 2614 576 2681 tradita
606 2621 684 2680 sunt
716 2615 950 2682 demonstrant:
982 2608 1063 2683 Cum
1092 2641 1176 2684 anno
1199 2621 1242 2681 49

175 2726 202 2768 a.
227 2703 296 2768 chr.
319 2727 350 2768 n.
372 2704 611 2782 bellumcivile
634 2704 866 2784 exardesceret,
897 2703 1029 2789 lugendi
1056 2726 1151 2768 eausa
1174 2707 1241 2769 bar-

174 2795 244 2857 bam
278 2794 426 2878 promisit
439 2789 470 2872 7).
517 2791 598 2857 Cum
631 2794 716 2857 enim
750 2792 784 2855 id
816 2793 1020 2875 potissimum
1055 2796 1169 2876 ageret
1202 2798 1242 2856 ut

175 2883 281 2966 legum
305 2881 482 2945 auctoritas
498 2887 684 2962 servaretur,
707 2880 833 2945 alienus
857 2884 925 2943 erat
948 2901 967 2942 a
990 2879 1184 2945 turbulentis
1207 2883 1241 2944 in

173 2991 207 3033 re
231 2969 359 3054 publica
382 2971 632 3052 tempestatibus.
679 2970 871 3052 Priusquam
893 2967 935 3030 ad
954 2966 1124 3034 „Caesarem
1147 2971 1241 3035 inter-

173 3057 343 3122 ficiendum
378 3056 544 3139 accederet,
579 3079 768 3144 magnopere
795 3059 965 3122 cunctatus
997 3055 1166 3122 Gaesarem
1199 3057 1240 3122 ad

173 3146 365 3225 reipublicae
396 3145 539 3211 studium
572 3147 742 3232 perducere
775 3145 808 3209 id
842 3145 994 3212 ultimum
1028 3151 1158 3211 conatus
1183 3153 1239 3227 est,

173 3257 246 3299 cum
277 3235 361 3300 bello
384 3236 590 3321 Hispaniensi
617 3235 758 3300 confecto
783 3232 912 3300 Caesari
935 3234 1070 3300 Romam
1093 3235 1239 3300 redeunti

174 3325 390 3396 obviamiret.
433 3323 538 3408 Atque
561 3323 669 3390 reuera
691 3324 828 3390 Brutum
850 3323 883 3386 id
906 3324 1016 3388 fecisse
1039 3345 1079 3388 ex
1101 3325 1240 3410 epistula

263 3551 272 3582 1

263 3551 284 3690 ²l
302 3550 548 3690 irpinffitff'pg,
567 3621 611 3675 21.

263 3689 430 3758 ⁸)·Berlincr
448 3691 566 3746 Jahrbb.
586 3691 664 3745 1845.
685 3709 732 3760 pg.
753 3689 814 3744 ⁷22.

263 3761 284 3830 ⁴)
303 3762 334 3816 in
353 3762 553 3817 commentario
572 3761 608 3816 ad
627 3760 700 3816 hanc
718 3761 873 3830 epistulam
892 3762 1007 3834 scripto.

262 3831 283 3896 ¹⁵)
303 3832 359 3887 cic.
378 3849 443 3902 opp.
463 3833 520 3887 vol.
538 3833 584 3888 111.
604 3851 631 3902 p.
650 3831 682 3889 ll.

204 3935 206 3938 -
261 3901 283 3967 ⁰)
302 3901 421 3958 Oicero's
448 3902 542 3957 Briefc
571 3905 717 3959 ubersctat
744 3922 799 3960 von
817 3901 953 3970 Metager.
992 3902 1140 3973 stuttgart
1160 3903 1239 3962 1859.

323 4013 329 4027 .
349 3971 409 4027 191.

261 4040 282 4110 τ)
300 3989 403 4095 lucan.
423 4041 448 4106 2,
468 4039 530 4098 278.

54 2353 57 2357 ’
176 2357 243 2414 eius
266 2348 407 2413 moribus
431 2353 465 2412 et
487 2348 695 2434 capessendae
717 2349 911 2428 reipublicae
934 2352 1087 2432 consiliis,
1110 2375 1245 2437 quorum
1366 2343 1367 2398 s
