2782 4458
663 130 707 194 25
755 162 796 173 -

161 320 198 381 ut
220 338 292 379 cum
315 312 484 377 consilium
508 311 549 372 ab
572 331 607 372 eo
630 308 788 392 petebant
811 304 1079 389 tergiversaretur,
1101 306 1139 366 ut
1161 307 1218 365 aut

157 405 283 469 consilii
314 402 456 485 inopiam
487 421 594 462 eorum
625 394 812 473 illuderet¹),
841 399 900 456 aut
930 413 1058 478 prorsus
1089 391 1217 455 silentio

161 500 312 576 uteretur,
335 490 483 554 facillime
498 487 567 551 fieri
583 487 724 571 potuisse
736 482 966 548 concedendum
979 486 1036 558 est,
1053 486 1090 544 ut
1102 479 1219 560 Cicero,

158 583 241 666 quod
273 586 439 663 tantopere
466 576 635 642 Octaviani
665 574 886 638 benevolentia
920 570 1151 650 delectabatur,
1185 570 1219 632 in

157 672 200 736 M.
226 671 321 734 Bruti
353 668 563 752 suspicionem
595 667 718 728 veniret
740 664 849 741 talem,
872 661 905 725 in
929 661 1057 745 qualem
1080 681 1152 722 eum
1174 659 1219 721 in-

161 761 273 825 cidisse
296 756 485 822 Plutarchus
508 757 625 820 ramat.

248 847 346 912 Vides
370 847 477 932 igitur,
501 867 538 908 ea
561 865 643 929 quae
658 840 859 906 aPlutarcho
882 838 1004 902 tradita
1026 843 1108 916 sunt,
1131 836 1220 900 nullo

160 938 252 1004 morlo
275 940 315 1000 iis
338 955 529 1021 repugnare,
552 955 637 1016 quae
661 932 743 994 alias
767 929 805 993 de
828 927 978 993 Cicerone
1002 929 1219 992 innotuerunt.

250 1204 320 1265 Hae
356 1201 512 1284 epistulae
547 1201 775 1284 (praeterquam
804 1196 891 1283 quod
920 1197 985 1259 iam
1015 1217 1064 1274 ea,
1096 1215 1175 1279 quae
1203 1215 1223 1257 a

162 1291 333 1354 Plutarcho
367 1289 594 1370 traditarum,
628 1288 670 1352 ad
691 1309 752 1352 eas·
767 1286 961 1351 damnandas
993 1283 1222 1369 quodammodo

167 1379 341 1456 sufficiunt)
373 1400 595 1464 saepenumero
630 1379 723 1442 etiam
753 1399 826 1442 cum
850 1379 890 1440 iis
914 1376 1111 1461 discrepant,
1144 1395 1225 1458 quae

164 1469 246 1532 alias
268 1467 387 1532 tradita
408 1473 492 1533 suut.
570 1508 574 1517 ι

251 1557 301 1620 Ι)θ
323 1563 472 1641 tempore,
495 1579 557 1640 quo
572 1554 727 1638 epistulas
750 1557 860 1617 auctor
882 1554 1018 1636 scriptas
1041 1574 1107 1615 esse
1130 1553 1226 1616 simn-

165 1647 254 1726 lavit
277 1648 340 1708 iam
357 1646 559 1708 Hermannus
574 1664 647 1706 vere
668 1639 862 1721 iudicavit²)‚
885 1641 1094 1706 Octavianum
1107 1641 1226 1704 bellum

164 1757 237 1798 cum
259 1733 303 1796 M.
326 1732 469 1798 Antonio
492 1737 651 1817 gerentem
683 1731 830 1814 cogitari,
863 1729 946 1814 quod
969 1751 1007 1792 ex
1030 1729 1080 1792 his
1102 1729 1226 1813 potissi·

165 1845 253 1887 mum
275 1822 379 1886 verbis
403 1821 590 1886 eliciendum
615 1826 707 1904 puto:

210 1935 328 2019 Epist.
346 1937 395 2018 16,
414 1937 449 2005 l:
474 1939 538 2018 „sic
562 1937 646 2001 enim
669 1937 720 2000 illi
741 1937 862 2021 gratias
886 1936 953 2021 agis
977 1934 1015 1998 de
1033 1934 1227 2020 republica“.

212 2041 300 2109 isio.
326 2040 362 2106 4:
386 2045 485 2126 „quod
501 2050 608 2108 autern
627 2045 684 2108 tibi
698 2065 770 2107 cum
784 2041 926 2107 Antonio
937 2043 1090 2128 privatim
1102 2041 1227 2106 odium?

296 2154 408 2216 nempe
439 2135 513 2214 quia
544 2133 727 2216 postulabat
756 2133 849 2212 haec,
876 2133 1012 2196 salutem
1035 2132 1075 2196 ab
1098 2154 1131 2195 se
1153 2133 1229 2218 peti,

296 2220 466 2302 precariam
483 2242 540 2284 nos
556 2222 811 2285 incolumitatem
834 2222 957 2302 habere,
980 2244 1000 2285 a
1023 2221 1138 2306 quibus
1161 2223 1229 2305 ipse

296 2309 476 2374 libertatem
507 2311 695 2394 accepisset,
727 2331 795 2374 esse
818 2311 985 2376 arbitrium
1007 2333 1101 2374 suum
1124 2309 1161 2374 de
1183 2332 1228 2374 re-

296 2399 428 2484 publica,
452 2400 628 2484 quaerenda
651 2421 718 2464 esse
741 2421 830 2462 arma
851 2400 983 2485 putasti,
1006 2399 1120 2482 quibus
1133 2398 1229 2464 domi-

242 2567 244 2572 ·
296 2489 368 2550 nari
379 2489 602 2572 prohiberetur,
622 2489 744 2552 scilicet
755 2493 791 2551 ut
803 2488 860 2551 illo
872 2488 1031 2572 prohibito
1043 2510 1229 2574 rogaremus

298 2574 449 2653 alterum,
482 2577 535 2658 qui
566 2597 599 2638 se
626 2577 660 2640 in
689 2578 757 2639 eius
780 2575 886 2638 locum
908 2578 1019 2660 reponi
1035 2577 1230 2662 pateretur!t

215 2685 302 2753 ibid.
326 2686 360 2755 7:
385 2710 506 2772 „neque
528 2689 588 2754 hoc
611 2690 671 2755 tibi
693 2691 728 2752 in
750 2693 888 2752 mentem
910 2692 1008 2764 venit,
1031 2690 1060 2754 si
1078 2692 1231 2757 Octavius

296 2777 500 2953 igillriptdiegpps
512 2784 555 2842 sit
570 2777 751 2858 honoribus
775 2777 850 2862 quia
866 2798 936 2841 oum
952 2777 1095 2892 Antonio
1112 2779 1231 2845 bellum

217 2969 302 3034 ibid.
328 2971 364 3038 8:
388 2977 481 3057 „qnia
504 2974 669 3039 Antonius
692 2974 772 3039 vivit
795 2978 890 3058 atque
913 2975 947 3038 in
970 2976 1067 3040 armis
1089 2975 1164 3040 θθθζιι

216 3077 321 3159 epist.
346 3077 392 3158 17,
415 3078 448 3145 o:
472 3081 567 3164 „quid
579 3083 663 3146 enim
674 3087 784 3146 nostra
795 3083 898 3162 refert,
920 3083 1039 3147 victum
1052 3103 1118 3147 esse
1133 3079 1233 3146 Anto·
1262 3023 1373 3140 f

299 3171 406 3249 nium,
429 3170 457 3233 si
479 3173 583 3234 victus
606 3177 667 3251 est,
690 3177 728 3236 ut
750 3171 809 3234 alii
831 3176 974 3252 vacaret,
998 3171 1081 3257 quod
1103 3171 1160 3236 ille
1183 3171 1234 3235 ob-

298 3259 423 3324 tinuit?
469 3260 601 3324 tametsi
640 3264 717 3324 tuae
754 3259 882 3324 litterae
921 3259 1020 3326 dubia
1053 3261 1234 3326 etiamnunc

299 3348 508 3434 significant.“

261 3448 386 3525 Quibus
419 3477 458 3518 ex
491 3455 637 3519 omnibus
667 3455 745 3518 locis
778 3460 928 3539 apparet,
958 3454 1169 3521 Octavianum
1200 3454 1235 3517 in

172 3540 256 3604 bello
293 3563 363 3604 cum
400 3541 542 3608 Antonio
576 3545 695 3610 versari
728 3547 824 3627 atque
847 3543 990 3609 Antonio
1020 3545 1084 3610 iam
1106 3543 1235 3628 plagam

172 3630 323 3694 iniectam
354 3652 428 3694 esse.
474 3633 581 3718 Atque
610 3655 649 3696 ex
679 3633 795 3697 verbis:
831 3633 977 3714 „tametsi
1005 3638 1080 3697 tuae
1108 3630 1235 3696 litterae

173 3717 267 3783 dubia
292 3721 476 3784 etiamnunc
498 3721 696 3806 significant*
719 3727 859 3786 statuere
881 3722 964 3801 licet,
986 3727 1113 3806 tempus
1135 3721 1238 3798 proxi-

263 3894 273 3926 ,
586 3893 592 3906 .
617 3895 623 3907 .

264 3897 286 4032 l)
301 3893 788 4036 *lalalhll'gilalll‘l'sli’ola
807 3966 857 4020 aar
876 3966 961 4021 was.
981 3967 1022 4022 ιιι,
1046 3963 1115 4020 rau
1134 3983 1162 4035 p.
1176 3964 1238 4019 rao.

1072 4069 1091 4124 4
