2782 4458
583 129 800 192 ..33-

186 327 190 334 ·
245 308 354 392 Neque
377 308 460 370 enim
484 303 632 370 contendi
654 309 774 389 potest,
797 303 859 368 11111
881 303 939 367 1111
963 307 1106 389 tempore
1130 304 1223 370 Oeta-

155 399 288 464 vianum
312 417 373 480 quo
398 393 559 459 Ciceronis
582 395 719 479 gratiam
743 392 918 478 quaerebat
941 413 1079 477 eumque
1101 398 1222 477 patrem

157 485 348 571 appellabat,
382 506 446 546 non
479 503 609 566 passum
644 503 727 561 esse,
760 487 799 547 ut
826 479 937 546 Cicero
960 480 1043 545 liber
1065 486 1156 545 esset.
1180 517 1222 528 -

157 574 304 656 Denique
327 574 421 636 ctiam
440 572 499 635 hoc
511 570 637 655 quidem
650 593 714 635 non
730 570 869 635 adducor
879 575 917 635 ut
929 568 1062 650 credam,
1086 569 1223 634 Brutum

159 684 227 728 sese
254 661 430 738 profudisse
460 661 518 724 has
549 661 584 724 in
614 658 878 723 declamationes:
916 657 994 736 §62
1033 679 1109 743 „ego
1132 663 1225 739 certe,

159 753 238 834 quin
262 771 333 814 cum
358 751 428 832 ipsa
451 771 484 813 re
513 748 634 813 bellum
666 770 790 833 geram,
817 749 878 812 hoc
906 752 956 811 est
978 769 1047 811 cum
1070 768 1168 832 regno
1192 751 1224 810 et

157 839 300 924 imperiis
323 837 595 916 extraordinariis,
618 843 650 901 et
673 836 890 901 dominatione
913 841 946 899 et
968 837 1120 920 potentia,
1144 855 1225 918 quae

157 949 254 1012 supra
276 927 362 1014 leges
385 948 418 990 se
438 948 505 990 esse
523 926 610 1004 velit
632 925 723 988 nulla
743 931 803 988 erit
818 930 887 987 tam
901 924 986 987 bona
1004 923 1147 989 condicio
1162 945 1223 987 ser-

160 1015 271 1096 viendi,
284 1037 344 1100 qua
356 1014 515 1079 deterreor
527 1013 600 1077 etc.“
623 1013 706 1078 Nam
719 1018 755 1076 ut
767 1013 933 1078 verborum
943 1015 1112 1096 strepitum
1127 1012 1223 1076 relin-

158 1128 262 1191 quam,
283 1105 406 1168 Brutus
424 1104 492 1186 ipse
512 1103 546 1166 in
562 1099 750 1166 Macedonia
764 1102 929 1187 provincia
941 1101 1110 1178 imperium
1122 1107 1225 1164 extra

158 1193 355 1258 ordinarium
387 1189 501 1254 habuit
530 1197 626 1274 atque
658 1189 850 1268 1111111111
881 1189 1050 1274 imperium
1079 1191 1224 1274 quamvis

159 1279 438 1344 senatusconsulto
473 1277 629 1343 decretum
664 1278 905 1344 detrectaverat.
952 1278 1069 1343 Postea
1098 1277 1225 1342 demum

159 1365 269 1432 Cicero
292 1367 436 1446 effecit')‚
458 1372 496 1431 ut
518 1373 647 1432 senatus
677 1369 876 1453 populusque
895 1367 1060 1432 Romanus
1084 1366 1224 1431 decerne

158 1459 237 1536 rent,
260 1461 297 1521 ut
320 1456 442 1520 Brutus
464 1455 498 1518 in
520 1455 715 1536 Macedonio,
737 1455 868 1539 Illyria,
892 1454 1028 1520 Graecia
1051 1457 1225 1540 provinciis

157 1549 298 1609 maneret
320 1565 437 1627 easque
461 1542 648 1607 defenderet.

656 1735 727 1817 aa.

247 1877 269 1942 J
270 1900 321 1942 am
334 1899 531 1964 quaeramus,
550 1899 705 1963 quaenam
722 1879 765 1943 sit
779 1879 864 1942 ratic
880 1877 992 1942 harum
1005 1877 1224 1963 epistularum,

158 1969 282 2032 sicum
305 1967 418 2032 ceteris
442 1966 582 2032 eiusdem
605 1965 680 2032 libri
703 1988 931 2053 comparamus.

247 2053 319 2129 Quo
341 2057 376 2118 in
399 2076 513 2139 genere
535 2055 745 2140 Nipperdeius
768 2057 904 2121 breviter
926 2057 1002 2120 haec
1026 2053 1224 2135 iudicante:

158 2142 237 2206 111111
259 2141 341 2208 wird
363 2143 430 2205 sich
456 2142 512 2206 das
535 2143 737 2209 Verbaltniss
760 2144 862 2209 dieser
885 2145 998 2209 beiden
1009 2143 1226 2209 Bricfeschon

159 2231 233 2296 klar
255 2230 388 2295 macheu
410 2230 553 2312 konnen,
582 2254 677 2298 wenn
699 2255 775 2297 man
797 2234 843 2296 sie
866 2235 926 2297 mit
948 2232 975 2314 Ι,
997 2234 1019 2295 4
1041 2232 1226 2318 vergleicht,

158 2320 193 2384 in
215 2320 369 2385 welchem
383 2319 503 2384 Brutus
527 2318 685 2386 dieselben
707 2321 834 2407 Fragen
855 2322 1017 2406 besprioht
1038 2321 1104 2384 und
1127 2321 1226 2385 durch

158 2407 302 2489 welchen
333 2430 367 2472 er
399 2409 492 2473 einen
523 2409 613 2474 Brief
641 2404 775 2476 Oieelo’s
801 2410 1014 2476 beantwortet
1038 2408 1077 2490 (Ι,
1100 2409 1141 2489 3),
1164 2408 1226 2489 der,

158 2498 222 2560 wie
233 2493 257 2574 Ι,
273 2493 321 2574 15,
334 2495 362 2572 6,
385 2496 449 2558 fast
460 2496 595 2560 dicselbe
607 2495 814 2582 Aeusseruug
836 2498 969 2576 enthtilt,
991 2519 1094 2582 gagen
1104 2497 1225 2564 welche

160 2587 182 2658 Ι,
212 2581 250 2644 16
283 2603 318 2644 so
349 2575 537 2646 entsetzlich
567 2585 763 2649 declamirt.“
809 2585 879 2648 Hae
900 2585 1054 2669 epistulae
1077 2582 1101 2665 1,
1127 2585 1167 2650 16
1193 2591 1226 2650 11

157 2667 184 2751 Ι,
209 2669 249 2732 17
280 2668 389 2734 ecdem
420 2670 484 2734 fere
514 2675 656 2756 tempore
686 2677 824 2757 scriptae
846 2673 913 2736 sint
934 2693 1061 2736 necesse
1083 2678 1140 2751 est,
1162 2694 1225 2754 quo

160 2758 317 2844 epistulae
340 2757 366 2838 Ι,
391 2762 410 2824 3
434 2763 467 2823 11
488 2757 514 2840 Ι,
536 2759 559 2820 4
581 2759 919 2845 (epistulatliceronis
930 2764 963 2824 et
975 2759 1112 2845 epistula
1123 2760 1226 2840 Bruti,

159 2867 222 2930 qua
247 2845 388 2912 Ciceroni
421 2847 610 2932 respondet).
655 2848 738 2914 Nam
761 2851 789 2914 si
812 2849 984 2914 statuimus
1018 2883 1055 2893 -
1080 2846 1115 2913 id
1140 2848 1224 2933 quod

160 2954 199 2997 ex
222 2935 358 3019 epistula
380 2935 406 3016 Ι,
430 2935 471 2999 17
496 2936 550 3018 (ad
573 2935 734 3022 Atticum)
757 2943 900 3004 statuere
922 2938 999 3002 lieet
1023 2973 1063 2983 -
1087 2935 1225 3001 Brutum

159 3022 326 3086 confestim
349 3028 422 3107 post
440 3047 583 3110 pugnam
595 3025 809 3092 Mutinensem
826 3027 991 3092 certiorem
1013 3026 1134 3091 factum
1157 3047 1224 3090 esse

158 3109 300 3195 itemque
332 3109 516 3176 Ciceronem
545 3115 717 3199 epistulam
747 3115 772 3197 L
804 3117 824 3180 3
854 3117 948 3200 paulo
980 3120 1053 3200 post
1082 3135 1225 3200 pugnarn

157 3198 373 3264 Mutinensem
403 3200 580 3285 scripsisse,
614 3203 684 3268 fieri
707 3209 830 3290 potest,
864 3205 942 3288 quin
974 3202 1132 3288 epistulae
1162 3201 1224 3283 L3

161 3291 193 3350 et
215 3287 240 3370 Ι,
266 3288 305 3351 16
330 3289 442 3355 obviae
465 3288 549 3354 inter
571 3310 605 3354 se
627 3291 755 3356 suerint.
796 3292 869 3357 Jam
892 3313 966 3356 curn
989 3291 1110 3355 Brutus
1134 3292 1224 3375 epist.

158 3373 183 3454 Ι,
205 3376 227 3437 4
250 3375 291 3438 ad
312 3375 474 3443 Oieeronis
498 3378 667 3463 epistulam
690 3378 715 3460 L
739 3382 758 3444 3
782 3381 985 3458 rescripserit,
1008 3383 1092 3444 certe
1116 3377 1225 3465 colhgi

158 3467 272 3546 potest,
296 3463 466 3548 epistulam
487 3464 513 3548 Ι,
537 3469 558 3531 4
581 3465 755 3532 secundum
778 3467 948 3554 epistulam
966 3465 992 3546 Ι,
1019 3467 1056 3530 16
1081 3489 1100 3531 1
1124 3467 1225 3532 Bruto

158 3553 307 3636 scriptam
320 3572 395 3616 esse.
430 3551 634 3640 Quantopere
649 3561 754 3622 autem
770 3577 869 3622 sermo
885 3556 919 3620 in
935 3561 1073 3640 utraque
1089 3556 1226 3640 epistula

160 3639 327 3725 discrepet,
362 3639 463 3725 primo
499 3649 614 3709 obtutu
647 3651 829 3732 promptum
865 3667 902 3710 ac
935 3647 1133 3729 propositum
1168 3649 1225 3708 est.

158 3727 261 3813 Epist.
294 3725 365 3809 Ι,4
395 3731 547 3822 sermonis
577 3733 660 3798 ratio
690 3740 739 3800 est
771 3733 915 3800 modesta
941 3736 974 3797 et
995 3731 1171 3797 verecunda
1194 3737 1227 3797 et

158 3817 250 3882 molli
272 3815 419 3882 bracchio
442 3821 567 3882 tantum
591 3818 713 3886 Brutus
737 3820 921 3887 Ciceronem
948 3820 1138 3906 obiurgavit.

234 4043 255 4114 ι)
272 4044 293 4100 1.
312 4063 336 4100 1.

1066 4151 1081 4203 5
