2782 4458
637 187 848 250 ..28-

215 365 252 422 ut
279 358 316 422 D.
340 357 434 422 Bruti
461 361 575 424 merita
598 360 745 432 laudibus
774 364 955 445 extolleret,
989 369 1040 431 cui
1065 371 1282 455 amplissimos

214 447 347 512 honores
372 446 516 514 decrevit.
562 449 738 516 Octaviano
766 457 875 518 autem
899 457 1080 521 ovationem
1106 460 1282 527 decrevisse

214 536 447 618 satishabuit¹),
489 535 597 620 Atque
625 539 658 602 in
683 561 720 604 ea
744 543 890 626 epistula,
913 544 947 606 in
971 567 1034 628 qua
1059 547 1097 612 de
1120 550 1160 613 iis
1183 551 1280 616 hono-

193 625 301 692 ribus
331 625 431 690 Bruto
461 626 603 710 scripsit,
637 629 703 706 ipse
735 631 829 694 tectis
858 637 890 694 et
912 633 1056 698 obscuris
1079 638 1185 703 verbis
1209 661 1279 704 con-

214 714 289 778 silia
311 735 370 779 sua
391 714 585 799 reipublicae
609 717 818 802 capessendae
842 721 1023 806 significare
1048 727 1127 790 mihi
1144 727 1279 810 videtur,

214 826 285 867 curn
309 802 387 867 dicit
398 800 443 882 ²):
475 806 633 888 ¹„suspicor
662 806 745 870 illud
767 808 827 872 tibi
849 809 954 874 minus
977 813 1120 896 probari,
1152 817 1236 902 quod
1259 841 1277 880 a

214 894 282 956 tuis
316 891 543 972 familiaribus,
577 895 706 977 optimis
739 896 805 960 illis
837 897 962 980 quidem
986 902 1073 978 viris,
1098 905 1152 968 sed
1175 907 1209 968 in
1232 929 1277 970 rc·
1385 893 1386 910 ¹

213 979 342 1066 publica
365 979 506 1062 rudibus,
529 1005 592 1047 non
615 985 816 1068 probabatur,
840 987 930 1070 quod,
955 995 989 1053 ut
1012 994 1120 1054 ovanti
1144 996 1276 1060 introire
1385 987 1386 1062 ἶ

215 1068 343 1134 Caesari
366 1069 483 1150 liceret,
506 1071 709 1152 decreverim;
734 1097 790 1159 ego
807 1083 914 1140 autem
939 1127 1065 1142 .....
1089 1081 1170 1142 nihil
1194 1083 1274 1147 mihi

214 1157 323 1223 videor
353 1159 411 1223 hoc
441 1159 525 1224 bello
560 1163 694 1226 sensisse
716 1161 921 1247 prudentius,
954 1189 1010 1232 cur
1033 1173 1137 1232 autem
1159 1170 1206 1232 ita
1228 1171 1273 1233 sit
1385 1195 1386 1248 r

214 1246 417 1332 aperiendum
432 1270 497 1311 non
516 1255 571 1330 est,
594 1273 633 1315 ne
650 1254 753 1338 magis
768 1252 878 1318 videar
889 1257 1038 1333 providus
1060 1259 1156 1324 fuisse
1179 1281 1271 1343 quam

213 1340 338 1421 gratus;
360 1337 420 1400 hoc
443 1338 545 1413 ipsum
568 1340 707 1421 nimium,
730 1364 826 1425 quare
849 1343 917 1407 alia
941 1344 1135 1411 videamusf‘

302 1424 411 1488 Etiam
435 1427 468 1489 in
491 1431 613 1508 senatu,
637 1431 691 1514 qui
715 1452 741 1494 a.
765 1431 793 1494 d.
816 1431 847 1494 V
869 1430 936 1496 Oal.
961 1431 1062 1496 Maias
1091 1437 1279 1515 habebatur,

214 1536 285 1579 cum
319 1513 357 1577 de
387 1514 533 1580 hostibus
562 1519 781 1584 consectandis
812 1519 1050 1600 deliberaretur,
1082 1524 1279 1588 Octavianus
1385 1501 1386 1584 J

214 1625 401 1690 magnopere
414 1604 550 1672 offensus
563 1613 619 1688 cst,
642 1609 727 1694 quod
740 1616 869 1674 senatus
882 1609 1026 1691 decrevit,
1049 1617 1086 1674 ut
1101 1612 1139 1676 D.
1152 1612 1275 1676 Brutus
1385 1605 1386 1634 ³

215 1691 392 1757 Antonium
416 1705 653 1780 persequeretur
675 1705 770 1784 atque
793 1701 963 1785 imperium
990 1708 1120 1787 gereret.
1166 1700 1276 1766 Cicero
1385 1693 1386 1742 3

214 1785 248 1847 in
271 1783 441 1848 Octaviani
464 1791 601 1870 gratiam
624 1789 747 1852 nullum
770 1791 897 1852 omnino
922 1791 1051 1854 verbum
1074 1792 1157 1855 fecit.
1193 1789 1278 1864 Quid

215 1871 330 1956 plura?
354 1895 408 1957 per
431 1880 535 1938 toturn
558 1881 682 1960 tempus
706 1875 788 1957 quod
801 1883 946 1940 secutum
960 1885 1007 1941 cst
1027 1901 1164 1961 pugnam
1177 1877 1277 1942 Muti-

213 1983 342 2025 nensem
366 1961 474 2027 Cicero
499 1970 530 2026 et
553 1970 589 2026 ab
614 1987 658 2028 eo
674 1965 728 2046 qui
752 1966 879 2024 stabant
892 1964 1101 2027 Octavianum
1127 1967 1164 2028 de
1188 1973 1277 2029 statu

215 2049 378 2115 demovere
402 2051 593 2114 studuerunt
616 2057 710 2133 atque
734 2050 961 2113 auctoritatem
985 2057 1052 2113 tam
1076 2053 1226 2136 exiguam
1243 2061 1276 2115 et
1385 2069 1386 2096 ¹

215 2139 371 2204 infirmam
394 2137 627 2219 iudicaverunt,
656 2145 692 2202 ut
723 2160 795 2202 enm
819 2159 856 2202 ea
878 2161 912 2204 re
936 2138 1094 2204 demoveri
1117 2162 1206 2217 posse
1230 2163 1275 2204 ar·
1385 2147 1386 2208 ἶ

214 2230 425 2305 bitrarentur,
456 2226 539 2310 quod
573 2249 646 2292 eum
681 2227 808 2292 silentio
839 2231 1053 2314 praeterirent.
1099 2228 1134 2293 Si
1167 2227 1276 2294 Cicero

214 2319 406 2404 putavisset,
438 2318 650 2382 Octavianum
682 2317 722 2380 ad
753 2317 893 2382 studium
917 2319 962 2382 rei
985 2319 1133 2402 publicae
1156 2319 1279 2382 talibus

214 2408 374 2492 precibus,
405 2405 514 2488 quales
545 2407 594 2470 his
623 2408 657 2470 in
680 2406 827 2490 epistulis
851 2412 995 2486 exstant,
1026 2406 1154 2491 perduci
1178 2429 1277 2490 posse,
1385 2421 1386 2428 ’

215 2503 298 2562 certe
328 2495 408 2559 alias
441 2517 566 2579 quoque
596 2497 678 2560 nihil
700 2497 977 2580 praetermisisset,
1009 2497 1086 2579 quin
1109 2518 1181 2559 eum
1205 2496 1276 2559 alli·

215 2592 298 2650 ceret
321 2591 353 2650 et
376 2591 535 2665 excitaret,
559 2588 643 2651 siout
670 2592 763 2650 antea
791 2586 919 2651 fecerat.
967 2585 1050 2649 Puto
1074 2586 1174 2670 igitur
1198 2587 1276 2648 satis
1385 2603 1386 2624 ¹

215 2675 478 2755 demonstratum,
512 2676 570 2740 has
602 2677 755 2762 epistulas
786 2697 857 2740 cum
879 2676 920 2740 iis
943 2695 1098 2759 pugnare,
1128 2695 1209 2757 quae
1239 2673 1275 2736 de

214 2764 375 2830 Ciceronis
391 2766 531 2830 consiliis
548 2767 705 2848 factisque
729 2765 853 2829 aliunde
876 2762 996 2828 tradita
1019 2769 1096 2826 sunt
1118 2764 1169 2826 vel
1191 2753 1298 2825 ccrtc‘

215 2875 254 2917 ex
282 2849 422 2917 consiliis
453 2857 521 2917 eius
553 2854 737 2918 tractandae
763 2855 810 2917 rei
836 2852 982 2937 puplicae
1005 2852 1115 2936 colligi
1138 2856 1275 2936 possunt.
1385 2867 1386 2910 i

302 2939 375 3003 Non
393 2941 469 3002 item
486 2941 653 3004 Tunstallo
666 2941 857 3024 adstipulari
869 2961 1006 3024 possum,
1030 2962 1102 3004 curn
1120 2942 1150 3004 in
1169 2939 1276 3004 eadem

121 3034 124 3040 '
214 3028 351 3113 epistula
374 3035 465 3091 sexta
488 3027 610 3092 decima
640 3030 674 3092 in
702 3049 739 3091 ea
770 3051 804 3092 re
833 3025 1008 3111 offendit3),
1043 3029 1126 3114 quod
1157 3029 1276 3092 Brutus
1385 3039 1386 3046 ’

214 3115 403 3202 particulam
432 3122 558 3182 tantum
581 3117 760 3182 litterarum
784 3140 803 3181 a
827 3117 1040 3183 Ciceronead
1063 3119 1272 3185 Octavianum

214 3208 382 3272 missarum
406 3206 563 3294 accepisse
586 3206 757 3286 diceretur3
780 3229 855 3272 nam
879 3215 963 3272 certe
986 3210 1079 3272 etiam
1104 3207 1137 3269 in
1152 3203 1276 3286 reliqua

215 3295 371 3383 epistulae
401 3302 492 3381 parte
521 3319 570 3361 res
593 3297 691 3380 fuisse
713 3292 941 3376 necesse'esse,
973 3319 1052 3381 quae
1075 3294 1114 3358 ad
1137 3295 1275 3358 Brutum

215 3387 450 3474 pertinuissent.
496 3384 588 3460 Quod
612 3388 688 3473 quin
712 3387 807 3452 nimis
830 3409 869 3452 ex
893 3387 1024 3450 arbitrio
1048 3407 1103 3449 suo
1128 3382 1273 3448 Tunstal-

214 3477 265 3541 lus
289 3478 444 3555 statuerit,
469 3475 609 3541 dubitari
631 3500 694 3541 non
718 3482 830 3562 potest.
877 3475 947 3539 Mea
970 3475 1095 3560 quidem
1120 3473 1275 3540 sententis

198 3567 344 3629 ‘minime
367 3568 483 3630 mirum
504 3566 604 3630 videri
620 3573 732 3651 potest,
755 3566 839 3650 quod
851 3564 980 3629 Atticus
994 3587 1062 3629 eam
1074 3566 1273 3648 potissimum

214 3661 337 3741 partem
359 3655 461 3720 Bruto
484 3655 580 3734 misit,
604 3677 665 3739 qua
689 3653 797 3720 Cicero
821 3653 859 3718 de
882 3676 917 3718 eo
941 3657 1120 3738 scripserat.
1166 3652 1274 3734 Atque

214 3765 286 3808 oum
310 3743 497 3808 Tonstallus
520 3745 639 3831 pergit:
663 3745 706 3825 „is
729 3746 758 3808 it
780 3745 954 3808 consistent
976 3743 1057 3808 with
1079 3743 1134 3806 the
1156 3742 1274 3804 known

302 3973 325 4074 ζ)
343 3974 383 4057 μᾶ.
397 3975 475 4028 Brut.
496 3975 520 4039 1,
544 3974 582 4039 15,
601 3976 626 4029 9.

303 4044 325 4185 ³l
343 4045 544 4171 ilibidrliations
563 4133 611 4186 pg.
631 4116 691 4171 171.
