2782 4458
600 163 819 230 ..34-

173 338 265 404 velut
290 339 310 417 ξ
335 339 369 402 4:
404 338 592 425 „prudentia
622 361 730 425 porro,
763 363 845 426 quae
875 342 939 408 tibi
968 352 1127 428 superest,
1150 350 1239 414 nulla

174 426 288 493 abste
312 425 512 494 desideratur
544 429 608 492 nisi
641 429 756 494 modus
787 431 822 494 in
852 429 1029 498 tribuendis
1059 437 1238 502 honoribus.

175 515 251 581 Alia
274 517 382 582 omnia
404 518 450 582 sio
469 515 597 595 adsunt,
619 523 658 583 ut
680 539 752 583 oum
776 519 920 602 quolibet
935 523 1142 606 antiquorum
1158 546 1239 592 com-

176 606 284 690 parari
313 607 438 690 possint
465 611 540 670 tuae
571 606 720 687 virtutes,
753 629 855 672 uuum
888 609 947 674 hoc
970 631 989 674 a
1010 619 1103 697 grato
1133 615 1239 680 animo

174 694 365 780 liberalique
388 695 574 779 profectum,
596 697 770 760 cautiorem
791 717 830 762 ao
845 697 1085 766 moderatiorem
1103 703 1240 768 liberali-

173 789 275 848 tatem
298 781 509 848 desiderant.“
547 781 658 867 Atque
680 786 776 849 etiam
799 787 907 864 iniis,
932 809 1017 873 quae
1038 792 1239 874 antecedunt,

173 871 294 936 Brutus
317 870 442 956 placide
465 877 497 936 et
519 893 614 955 perce
637 871 781 938 Ciceroni
807 875 991 959 respondet:
1020 879 1037 959 ᾗ
1063 883 1097 944 2:
1120 881 1238 961 „multo

176 959 318 1045 equidem
342 961 508 1025 honestius
530 959 638 1024 iudico
660 962 825 1048 magisque
849 963 933 1046 quod
955 967 1122 1033 concedere
1133 971 1239 1054 'possit

178 1049 357 1133 respublica
378 1051 565 1116 miserorum
588 1049 746 1116 fortunam
776 1073 841 1116 non
870 1053 1031 1132 insectari,
1066 1077 1162 1138 quam
1191 1060 1237 1121 in·

175 1139 266 1202 finite
293 1138 436 1203 tribuere
466 1137 664 1219 potentibus,
695 1159 774 1223 quae
803 1140 1012 1226 cupiditatem
1035 1148 1067 1207 et
1085 1164 1236 1229 arrogan-

179 1227 258 1292 tiam
281 1227 447 1292 incendere
468 1229 602 1313 possint,
624 1248 685 1310 qua
707 1229 743 1292 in
764 1248 800 1293 re
818 1228 926 1294 Cicero
942 1233 992 1296 vir
1009 1232 1126 1318 optime
1141 1238 1235 1318 atque

175 1316 346 1381 fortissime
380 1317 522 1400 mihique
549 1318 664 1380 merito
697 1319 730 1380 ot
751 1339 821 1381 meo
844 1320 971 1384 nomine
994 1327 1027 1387 et
1048 1322 1237 1400 reipublicae

174 1405 347 1485 carissime,
381 1407 478 1469 nimis
500 1404 625 1469 credere
656 1403 773 1470 videris
796 1408 863 1490 spei
885 1412 960 1471 tuae
983 1412 1170 1497 statimque,
1199 1415 1237 1474 ut

194 1500 310 1578 uisque
334 1493 458 1578 aliquid
479 1499 565 1558 recte
575 1493 694 1574 fecerit,
716 1493 822 1557 omnia
837 1493 911 1559 dare
927 1515 963 1558 ao
978 1500 1181 1581 permittere.
1194 1547 1201 1562 .
1214 1519 1236 1575 .;

173 1516 267 1656 duae
290 1588 347 1647 tua
371 1588 419 1648 est
440 1583 632 1664 humanitas,
657 1603 756 1666 aequo
780 1582 886 1647 animo
909 1587 941 1648 te
963 1587 1085 1650 moneri
1096 1587 1237 1671 patieris,

171 1671 358 1756 praesertim
382 1670 419 1736 de
442 1673 602 1736 communi
625 1672 744 1750 salute3
778 1671 876 1737 facies
903 1678 1027 1758 tamen,
1062 1673 1146 1759 quod
1175 1673 1237 1739 tibi

172 1759 276 1825 visum
298 1759 401 1841 fuerit,
424 1761 522 1825 etiam
545 1781 603 1846 ego
626 1781 699 1824 cum
721 1781 771 1824 me
794 1758 963 1826 docueris.“

261 1863 381 1931 Contra
404 1869 495 1953 epist.
519 1865 542 1947 l,
568 1865 608 1928 16
631 1870 744 1930 auctor
765 1867 884 1949 ubique
906 1868 1057 1952 superbo,
1085 1867 1237 1939 iracundo
1370 1929 1371 1944 ,

171 1952 300 2035 fervido,
322 1954 476 2020 maledico
499 1973 641 2018 sermone
664 1958 740 2015 usus
763 1958 819 2032 est,
842 1955 946 2017 velut:

215 2079 294 2157 51:
323 2079 436 2160 „verba
456 2083 515 2142 tua
542 2095 731 2159 recognosce
754 2081 786 2139 et
816 2073 899 2140 aude
929 2097 1046 2162 negare
1068 2079 1236 2144 servientis

287 2174 295 2180 ”
324 2167 474 2234 adversus
496 2184 604 2248 regem
626 2163 706 2227 istas
730 2185 797 2242 esse
819 2164 951 2249 preces.“

216 2275 236 2352 ξ
259 2273 295 2339 2;
324 2274 437 2350 „iuvat
459 2271 545 2336 euim
557 2269 723 2355 magnifice
734 2271 824 2354 loqui
843 2275 875 2334 et
890 2277 974 2336 certe
985 2270 1076 2337 decet
1086 2271 1237 2338 adversus

325 2362 518 2446 ignorantes,
542 2357 620 2442 quid
642 2379 699 2441 pro
722 2379 846 2442 quoque
864 2358 1041 2422 timendum
1057 2366 1114 2424 aut
1129 2381 1149 2423 a
1164 2383 1237 2445 quo·
1370 2411 1371 2420 ,

323 2469 384 2533 que
406 2446 580 2532 petendum
602 2446 670 2509 sit.“

217 2556 237 2633 ξ
260 2553 294 2617 6:
322 2552 431 2634 „valdo
461 2573 532 2617 care
559 2553 709 2616 aestimas
738 2557 789 2617 tot
811 2574 925 2634 annos,
955 2559 1033 2639 quot
1062 2555 1127 2621 ista
1149 2562 1237 2622 aetas

321 2643 444 2727 recipit,
466 2643 495 2707 si
517 2647 646 2726 propter
674 2661 743 2705 earn
767 2663 897 2706 causam
920 2664 1017 2727 puero
1040 2645 1098 2710 isti
1119 2645 1235 2728 suppli·

325 2735 457 2796 catinus
480 2731 538 2796 es.“

217 2835 295 2918 §82
322 2836 408 2924 „Ego
430 2859 505 2904 vero
518 2887 525 2900 .
539 2886 545 2900 .
558 2886 585 2901 ..
601 2837 629 2900 is
652 2858 731 2916 sum,
754 2837 810 2920 qui
831 2859 896 2901 non
918 2836 1011 2902 modo
1033 2859 1097 2901 non
1119 2835 1235 2922 suppli-

322 2947 406 3007 cem,
440 2925 495 2990 sed
529 2927 643 2991 etiam*
662 2946 822 2989 coerceam
856 2926 1070 3010 postulantes,
1103 2931 1141 2990 ut
1174 2924 1237 2989 sibi

325 3014 523 3100 supplicetur
555 3016 613 3077 aut
640 3012 736 3098 longe
759 3034 779 3076 a
802 3014 1012 3079 servientibus
1043 3014 1137 3081 abero
1160 3012 1237 3078 mihi

325 3124 387 3187 quo
419 3123 486 3168 esse
508 3099 660 3182 Romam,
689 3101 871 3186 ubicunque
894 3103 1029 3167 liberum
1064 3123 1131 3166 esse
1164 3101 1236 3164 lice·

322 3190 384 3272 bit,
415 3211 452 3256 ac
482 3191 581 3257 vestri
614 3189 798 3269 miserebor,
840 3192 953 3275 quibus
987 3212 1043 3253 nec
1066 3194 1156 3253 aetas
1178 3208 1236 3252 neo

323 3280 427 3345 virtus
439 3279 543 3346 aliena
555 3277 755 3344 dulcedinem
773 3278 901 3343 vivendi
916 3281 1057 3343 minuere
1071 3275 1237 3361 potuerit“

216 3385 292 3465 39:
324 3386 396 3468 ,sed
422 3392 507 3452 certe
538 3409 603 3451 non
637 3385 840 3449 succumbam
870 3381 1148 3447 succumbentibus
1178 3403 1236 3446 neo

170 3473 180 3484 “
324 3476 432 3542 vincar
456 3474 568 3551 abiis,
593 3475 648 3557 qui
671 3495 705 3539 se
728 3472 813 3538 vinci
833 3470 956 3538 volunt.

262 3578 372 3664 Atque
395 3578 479 3644 idem
501 3580 566 3644 fere
588 3578 674 3644 cadit
695 3581 730 3643 in
753 3577 923 3663 epistulam
946 3576 971 3658 I,
996 3577 1046 3643 17.

263 3685 350 3751 Haec
372 3690 502 3751 tantum
524 3685 621 3749 verba
644 3683 821 3758 sufficient:

217 3791 293 3871 54:
322 3813 359 3873 „o
382 3811 529 3877 magnam
564 3789 737 3856 stultitiam
767 3790 908 3870 timoris,
941 3790 975 3853 id
1002 3793 1123 3875 ipsum,
1153 3788 1238 3873 quod

324 3880 471 3960 verearis,
482 3880 657 3961 itaoavere,
668 3882 713 3959 ut,
726 3898 821 3962 quum
830 3879 933 3943 vitare
945 3879 1076 3942 fortasse
1087 3879 1238 3963 potueris,

325 3969 412 4032 ultro
424 3985 566 4032 arcessas
575 3972 607 4031 et
615 3966 767 4031 attrahas.
789 3965 932 4030 Nimium
944 3966 1092 4031 timemus
1103 3971 1238 4032 mortem

328 4060 361 4120 et
383 4055 516 4120 exilium
546 4059 579 4119 et
600 4056 844 4140 paupertatem
879 4053 957 4118 haee
984 4055 1065 4120 mihi
1091 4053 1238 4122 videntur
