2782 4458
621 143 815 206 „3..

179 323 284 386 minor
305 341 458 384 numerus
478 326 535 400 est,
553 343 645 404 quam
665 321 700 384 in
714 322 849 386 fontium
869 322 1061 386 auctoritate
1080 329 1253 408 exspectes,

179 415 250 474 tum
267 411 426 486 intereos,
451 431 584 493 quorum
603 410 749 474 latinitas
757 409 881 494 Anglos
896 415 1021 473 nostros
1033 411 1114 474 male
1129 408 1253 494 habuit,

180 500 235 564 vix
266 497 329 562 duo
357 502 461 563 tresve
490 499 525 562 iu
550 499 611 564 hoc
649 521 749 584 genus
780 498 926 563 cadunt.“
970 495 1042 572 Quo
1073 500 1108 562 in
1137 523 1253 585 genere

183 588 404 652 Hermannum
424 609 545 652 errasse
556 591 665 653 textus
678 587 884 664 demonstrat,
910 609 1003 672 quern
1015 589 1252 654 recentissimae

180 676 335 740 editiones
358 675 530 760 praebent:
986 734 989 743 .

171 792 177 806 Ν
268 765 451 850 Legebatur
481 766 556 829 olim
588 765 685 852 (quod
707 765 910 830 Hermannus
934 766 1022 829 omni
1046 768 1251 832 contentione

179 853 346 918 defendere
370 860 504 918 conatus
527 855 608 937 estl:
1032 861 1036 869 “

223 942 322 1020 Epist.
350 942 387 1024 rI,
422 943 458 1023 2,
490 945 525 1006 3:
573 943 666 1027 „quid
700 966 733 1008 se
763 965 837 1008 nam
879 944 1040 1008 facturum
1073 945 1248 1010 arbitratus

316 1036 365 1095 est
390 1037 449 1096 etc.

225 1119 369 1184 Medicus
393 1125 501 1184 autem
524 1122 654 1205 praebet
675 1143 784 1186 veram
808 1123 1013 1206 scripturam:

316 1208 487 1292 „quidnam
510 1231 543 1273 se
566 1210 724 1275 facturum
748 1209 925 1276 arbitratus
949 1211 1021 1276 est‘.

225 1298 319 1383 Epist
340 1303 361 1378 I,
384 1297 413 1378 3,
436 1298 456 1360 2
481 1299 558 1362 olim
580 1298 757 1384 legabatur:

319 1407 377 1463 „ea
400 1407 472 1450 cum
495 1389 653 1472 usquein
677 1386 874 1472 Capitolium
898 1385 1053 1451 deductus
1077 1388 1153 1452 eto.“

226 1473 332 1548 Quam
365 1475 555 1561 scripturam
590 1475 751 1542 Medioeus
786 1475 913 1560 quidem
948 1475 1092 1562 praebet,
1126 1474 1182 1540 sed
1214 1478 1250 1540 in
1365 1541 1366 1544 ,

226 1565 371 1649 margine
397 1561 569 1629 Cratandri
593 1563 655 1647 (Ο.)
680 1569 801 1630 exstat:

245 1657 247 1664 ’
315 1675 351 1734 „a
374 1674 438 1737 qua
462 1675 562 1737 usque
584 1655 619 1717 in
641 1651 838 1738 Capitolium
861 1650 1016 1718 deductus
1040 1653 1114 1717 etc.“

225 1741 381 1827 Marginis
405 1747 513 1807 autem
537 1741 709 1808 Cratandri
730 1743 884 1807 lectiones
918 1764 991 1806 oum
1015 1763 1032 1805 e
1054 1741 1160 1806 codice
1183 1763 1249 1826 per-

318 1831 401 1896 bono
412 1837 580 1917 excerptae
592 1833 665 1911 sint,
682 1839 736 1915 qui
752 1831 887 1896 fortasse
901 1829 1044 1895 Mediceo
1060 1835 1250 1914 auteponen-
1367 1800 1368 1850 l

315 1919 374 1984 dus
396 1925 452 1999 est,
475 1920 615 1985 dubitari
636 1943 701 1984 non
723 1925 843 2006 potest,
871 1920 950 2002 quin
973 1940 1011 1982 ea
1034 1920 1192 2003 scriptura
1215 1919 1250 1982 in

319 2012 445 2072 textum
467 2008 649 2093 recipienda
671 2010 722 2073 sit.

229 2097 331 2181 Epist.
356 2095 382 2173 I,
408 2095 437 2176 9,
462 2096 478 2159 l
504 2097 594 2162 olim:
677 2151 683 2160 ,

321 2189 388 2266 „est
410 2190 518 2250 autem
541 2187 682 2252 alienum
705 2191 794 2252 tanto
818 2186 888 2251 viro
911 2189 949 2250 ut
972 2206 1005 2249 es
1028 2188 1090 2250 tu“e

226 2273 339 2359 Margo
363 2272 548 2339 Oratandn':
572 2281 726 2360 „quantus
749 2297 782 2340 es
805 2275 858 2338 tu‘

227 2362 406 2428 Medioeus:
445 2385 557 2448 „quam
588 2387 620 2430 es
654 2363 707 2428 tu“
744 2365 836 2446 (quae
875 2360 969 2425 lectio
1004 2381 1044 2424 ex
1077 2360 1253 2444 „quanam

317 2451 490 2536 depravata
512 2453 638 2518 videtur
661 2452 748 2532 esse).

228 2541 331 2626 llpist.
354 2539 380 2621 I,
405 2541 455 2618 ll,
481 2544 500 2606 2
524 2542 616 2608 olim:
639 2540 741 2623 „Huic
764 2536 952 2624 persuadere
975 2537 1156 2623 coepimus“
1272 2589 1274 2598 ,

229 2629 390 2694 Mediceus
412 2637 445 2696 et
467 2653 577 2718 margo
601 2629 783 2697 Cratandri:
806 2627 989 2712 ,cupimus‘

229 2718 326 2783 editio
350 2719 539 2785 Victoriana
561 2721 678 2786 altera:
702 2715 893 2802 „capiimus“
1085 2797 1104 2810 ..
1219 2795 1225 2808 ι

229 2807 345 2893 Itaque
367 2807 578 2872 recentissimi
601 2807 738 2872 editores
768 2813 830 2870 iam
853 2801 971 2869 dudum
1005 2795 1194 2884 „oup1unus“
1216 2817 1252 2859 m

319 2901 444 2960 textum
466 2902 660 2981 receperunt.

274 2982 430 3058 Quocirca
462 3006 534 3048 oum
562 2985 626 3047 iam
655 2989 794 3063 constet,
817 3003 925 3047 eorum
948 2979 1089 3043 locorum
1112 2993 1253 3040 summas

186 3073 408 3154 difficultates,
443 3094 523 3158 quaa
556 3072 759 3157 potissimum
794 3070 835 3135 ad
870 3068 1024 3155 epistulas
1058 3061 1254 3164 damnandas

186 3184 297 3227 ansam
308 3162 531 3248 praebuerunt,
556 3161 696 3227 librariis
712 3156 913 3238 imputandas
925 3178 1000 3236 esse,
1018 3175 1120 3233 nemo,
1135 3172 1255 3237 opinor,

186 3252 280 3317 facile
303 3273 367 3316 non
390 3251 555 3331 concedet,
585 3253 651 3316 iam
674 3252 776 3336 magis
800 3254 941 3313 atemere
967 3244 1077 3323 licere,
1106 3241 1254 3315 salebras,

186 3344 215 3406 si
239 3362 320 3425 quae
342 3346 425 3420 sunt,
447 3363 512 3405 non
534 3343 645 3406 statim
668 3337 792 3404 falsarii
818 3333 984 3400 cuiusdam
1013 3331 1152 3416 vestigia
1170 3349 1256 3416 prae-

186 3431 269 3511 bere,
292 3429 348 3494 sed
370 3450 410 3494 ex
433 3430 637 3495 librariorum
659 3425 866 3494 festinatione
888 3426 920 3486 et
942 3422 1070 3484 incuria
1085 3426 1172 3485 ortas
1189 3437 1257 3482 esse

187 3517 323 3603 ideoque
353 3521 382 3584 si
404 3540 482 3603 opus
505 3518 603 3583 fuerit
624 3516 816 3582 medicinam
838 3507 1048 3574 adhibendam
1071 3529 1147 3587 esse,
1169 3524 1256 3589 prae·
1326 3561 1328 3564 .

187 3609 298 3672 sertim
316 3608 349 3671 iu
366 3606 482 3686 codice,
506 3605 628 3690 dequo
651 3604 701 3670 Fr.
725 3603 925 3669 Hofmanuus
948 3599 1027 3663 haec
1051 3594 1207 3662 iudicavit
1219 3588 1255 3671 ¹):

188 3731 243 3777 „—
269 3697 331 3761 Dic
353 3694 561 3760 Verderbniss
593 3693 645 3758 des
673 3693 790 3756 Teates
820 3693 865 3755 ist
895 3711 931 3754 so
962 3682 1154 3762 bedeutcnd,
1182 3680 1256 3745 dass

188 3806 264 3850 man
287 3785 371 3848 ohne
390 3782 644 3867 Uebertreibung
668 3781 848 3866 behaupten
870 3779 972 3858 kann,
996 3753 1068 3838 dass
1090 3769 1183 3835 nicht
1205 3768 1256 3833 ein

280 3994 300 4063 ¹)
319 3995 376 4048 Dar
394 3991 530 4048 kritische
550 3993 678 4061 Apparet
698 4009 731 4045 au
751 3989 808 4043 (lic.
827 3986 941 4043 Brioien
960 3983 997 4038 ad
1016 3981 1147 4038 Atticum
1165 3981 1219 4036 etc,

190 4065 286 4121 Berlin
307 4057 385 4120 1863.
403 4080 451 4133 pg.
471 4062 513 4117 11.
791 4059 801 4070 '
