2782 4458
572 160 704 223 ...27
756 195 792 205 --

145 344 183 407 in
206 341 376 407 Octaviani
407 343 513 424 partes
543 339 692 418 transire3
724 339 859 422 denique
881 343 986 402 autern
1011 339 1141 403 transiit
1158 360 1214 423 sps

146 430 313 516 impletus,
345 451 378 493 se
401 451 440 492 ex
464 449 520 492 sua
543 428 709 492 voluntate
732 429 906 494 Octaviano
940 449 1073 491 usurum
1107 433 1139 492 et
1173 426 1214 492 ad
1258 494 1260 502 ,

147 527 333 599 extremum,
355 521 384 581 si
406 538 485 600 opus
508 511 598 597 esset,
621 519 719 581 etiam
735 517 947 583 Octavianum
959 513 1104 581 Antonio
1127 517 1213 581 victo
1325 583 1329 596 ,

146 609 191 673 M.
214 608 308 672 Bruti
339 612 372 670 et
403 605 437 670 C.
463 604 564 671 Cassii
599 607 720 670 auxilio
754 607 930 691 opprimere
960 625 1060 690 posse.
1105 603 1214 690 Atque

148 720 183 762 re
210 717 285 761 vera
311 717 410 780 usque
448 693 490 758 ad
515 694 549 758 id
579 701 704 780 tempus
736 715 858 780 semper
880 694 1075 761 Octavianus
1106 695 1213 780 legum

150 787 463 851 observantissimum
487 805 555 849 sese
577 783 774 863 ostenderat3
796 805 851 869 per
866 784 900 850 C.
913 784 1055 869 Oppium
1068 781 1214 848 Ciceroni

149 876 353 941 nuntiaverat
384 879 416 938 et
450 872 671 953 affirmaverat,
705 871 788 936 nihil
823 894 889 938 sese
924 878 1035 936 contra
1068 869 1213 936 Caesaris

151 965 364 1028 interfectores
384 967 614 1047 suscepturum,
636 983 699 1026 non
711 961 945 1047 prohibiturum
957 982 1032 1042 esse,
1044 962 1213 1047 quominus

149 1054 251 1120 Casca
285 1053 485 1117 tribunatum
519 1050 648 1133 iniretl)
707 1049 859 1124 Quamvis
897 1051 1013 1115 milites
1054 1056 1214 1136 urgerent,

150 1143 249 1208 nihilo
273 1144 380 1205 minus
404 1141 509 1225 legum
534 1140 830 1206 observantissimus
853 1141 1054 1225 imperatoris
1072 1141 1214 1226 insignia

150 1255 214 1295 non
248 1231 336 1315 prius
371 1234 586 1314 assumpserat
619 1251 717 1313 quam
748 1236 875 1314 senatus
905 1229 934 1294 ei
963 1230 1133 1315 imperium
1156 1251 1213 1314 pro

152 1324 296 1404 praetore
327 1317 493 1383 tribuisset
504 1317 538 1400 ⁸³).
586 1316 666 1383 Cum
690 1319 816 1384 Hirtius
846 1320 880 1382 in
911 1316 1054 1383 Galliam
1086 1317 1213 1403 cisalpi-

152 1429 221 1470 nam
247 1406 287 1470 ad
303 1406 515 1473 Octavianum
537 1409 696 1494 profectus
720 1408 760 1472 ad
783 1409 858 1486 belli
883 1407 988 1472 sedem
1010 1408 1214 1493 pervenisset,

150 1517 249 1580 aequo
280 1496 387 1560 animo
410 1497 539 1576 tulerat,
562 1496 646 1580 quod
669 1497 795 1561 Hirtius
818 1519 975 1562 summam
997 1497 1125 1583 imperii
1148 1517 1213 1560 sus-

150 1591 275 1670 ceperat
286 1584 319 1665 ³).
366 1585 468 1649 Immo
492 1607 566 1649 vero
591 1586 686 1649 etiam
710 1584 795 1648 haud
817 1587 865 1649 ita
888 1585 990 1649 multo
1013 1591 1089 1650 ante
1111 1583 1212 1649 Anto

148 1675 194 1737 nii
225 1672 391 1737 illecebras
420 1679 600 1756 respuerat3
635 1695 704 1737 cunr
736 1675 820 1737 enim
850 1673 976 1737 Hirtius
1008 1675 1042 1737 in
1071 1671 1212 1738 Gallim

149 1763 338 1846 cisalpinam
361 1763 572 1844 pervenisset,
595 1761 755 1826 Antonius
779 1762 990 1828 Octavianum
1014 1769 1047 1828 et
1069 1760 1212 1827 Hirtium

149 1850 337 1914 adhortatus
360 1850 436 1930 erat,
458 1857 503 1931 ut,
527 1853 604 1936 quia
622 1849 807 1916 Caesariani
830 1857 944 1929 essent,
970 1855 1128 1937 cumipse
1144 1874 1212 1918 sese

149 1942 389 2026 coniungerent,
418 1940 502 2024 quod
531 1943 561 2005 si
593 1941 729 2022 nollent,
764 1965 804 2006 ne
828 1939 972 2006 Caesaris
994 1942 1212 2006 interfectores

149 2030 344 2094 adiuvarent.
403 2029 465 2096 Sed
503 2031 700 2097 Octavianus
741 2037 774 2097 et
811 2031 939 2096 Hirtius
984 2052 1057 2096 cum
1098 2037 1212 2096 senatu

150 2140 220 2179 eum
255 2139 348 2201 agere
387 2120 582 2200 iusserant4).
642 2121 751 2206 Atque
791 2121 888 2207 paulo
933 2127 1006 2207 post
1039 2121 1211 2208 epistulam

150 2204 301 2284 Antonii,
342 2227 407 2289 qua
447 2229 555 2272 eorum
597 2211 731 2274 consilia
765 2216 798 2275 et
836 2209 922 2276 facta
958 2212 1210 2296 vituperaverat,

148 2293 283 2358 Romam
305 2293 496 2378 miserant5).
541 2296 626 2371 Quid
649 2300 777 2364 tandem
800 2300 860 2365 hoc
883 2306 1024 2386 tempore
1046 2306 1132 2382 erat,
1155 2323 1211 2366 cur

149 2383 295 2449 Ciceroni
318 2387 472 2452 eiusmodi
496 2409 602 2472 preces
625 2388 820 2453 adhibendae
843 2395 955 2469 essent,
979 2411 1061 2474 quae
1084 2396 1209 2455 tantam

149 2475 359 2556 suspicionem
381 2497 457 2559 prae
480 2497 513 2540 se
535 2477 642 2541 ferunt
672 2500 774 2562 neque
805 2479 940 2564 eogitari
968 2485 1117 2564 possunt,
1147 2481 1210 2545 nisi

149 2558 329 2624 Ciceronem
366 2569 498 2644 putasse
536 2569 721 2644 statuimus,
759 2565 971 2630 Octavianum
1005 2589 1072 2631 esse
1105 2569 1211 2633 virum

147 2669 289 2713 summae
311 2652 514 2716 auctoritatis
538 2658 570 2717 et
593 2653 826 2738 amplitudinis,
856 2655 911 2738 qui
933 2655 998 2717 iam
1022 2657 1146 2741 saepius
1170 2657 1210 2722 ad

128 2723 240 2802 ’suuni
263 2739 429 2804 arbitrium
452 2741 513 2806 vel
527 2748 637 2806 contra
669 2749 799 2807 senatus
828 2743 1052 2807 auctoritatem
1084 2747 1209 2830 egisset.

147 2825 209 2890 Sed
244 2849 372 2912 prorsus
407 2831 502 2896 aliter
538 2853 588 2895 res
623 2853 690 2896 sese
723 2833 826 2897 habet.
873 2832 1070 2913 Octavianus
1106 2833 1145 2898 ad
1176 2835 1210 2900 id

148 2919 271 2997 tempus
304 2939 426 3003 semper
456 2920 563 3006 legum
593 2921 907 2986 observantissimum
929 2943 998 2987 sese
1021 2922 1210 3005 ostenderat,

148 3009 184 3066 ut
206 3002 317 3068 Cicero
339 3005 432 3072 facile
454 3016 567 3094 putare
590 3017 704 3096 posset,
727 3012 823 3076 etiam
839 3013 873 3076 in
887 3017 1049 3098 posterum
1062 3013 1209 3078 omnibus

146 3093 181 3156 in
199 3092 291 3157 rebus
315 3115 387 3158 eum
409 3094 476 3162 fore
499 3100 533 3162 in
556 3106 683 3164 senatus
699 3102 897 3166 auctoritate.
931 3101 1209 3168 Praetereaetiam

147 3180 309 3248 Ciceronis
341 3185 476 3250 consilia
508 3189 720 3272 capessendae
753 3191 947 3276 reipublicae
980 3211 1109 3276 prorsus
1144 3192 1210 3256 alia

147 3279 251 3351 erant,
285 3279 367 3338 sicut
398 3295 438 3339 cx
468 3276 523 3355 iis,
558 3299 640 3361 quae
661 3285 772 3363 postea
794 3281 883 3360 fecit,
906 3279 1044 3345 dilucide
1066 3286 1207 3366 apparet.

146 3358 286 3425 Putabat
301 3365 394 3445 enirn,
417 3365 636 3446 Octavianum,
658 3389 730 3432 oum
748 3367 789 3432 ad
804 3368 838 3433 id
852 3374 978 3455 tempus
994 3391 1117 3454 semper
1131 3369 1208 3435 adeo

147 3446 311 3514 officiosus
343 3459 376 3516 et
404 3461 533 3539 paratus
558 3455 598 3520 ad
620 3461 750 3522 senatus
774 3457 998 3522 auctoritatem
1021 3459 1208 3524 servandam

146 3539 267 3618 fuisset,
290 3540 384 3606 facile
407 3541 445 3606 de
467 3549 564 3626 statu,
586 3547 613 3610 si
633 3548 700 3611 eins
719 3548 841 3612 auxilio
857 3569 962 3612 carere
977 3551 1092 3631 posset,
1114 3548 1208 3614 deiici

146 3649 244 3712 posse.
278 3629 360 3694 Nam
377 3632 412 3694 in
434 3639 554 3714 senatu,
578 3638 632 3720 qui
653 3636 825 3702 secundum
840 3659 980 3724 pugnam
992 3635 1208 3704 Mutinensem

146 3737 173 3780 a.
196 3717 224 3782 d
247 3717 296 3783 VI
319 3717 386 3784 Cal.
409 3719 484 3786 Mai.
507 3723 692 3805 habebatur,
717 3725 827 3792 Cicero
850 3725 881 3790 id
904 3727 1106 3811 potissimum
1130 3729 1207 3814 egit,

145 3851 358 3863 ''fl—¹¹—

236 3909 747 3983 ammmmmmffla

233 3981 257 4050 ²)
277 3983 351 4053 App.
371 3985 399 4039 b.
419 4003 442 4042 c.
461 3985 486 4050 3,
506 3986 549 4040 48.
571 3990 612 4042 75.
632 3987 675 4044 87.

233 4053 254 4153 :³
273 4055 297 4180 l
319 4073 346 4136 ³³·
366 4055 645 4186 h⁰11³’1⁵³⁷⁴a⁵⁷⁵·

233 4127 599 4270 &mamam
