2782 4458
603 143 820 206 ...16-

172 321 340 399 subtilius,
372 319 487 403 capitis
518 321 575 384 aut
605 319 707 382 furuae
742 320 865 384 scilicet
896 323 1055 402 ornatius,
1087 323 1239 408 ‹pistulas

172 432 247 474 vero
281 407 476 494 quotidianis
507 407 612 472 verbis
641 413 748 472 texere
779 409 946 474 solemusf‘
991 409 1107 495 Itaque
1137 433 1239 477 sermo

173 499 386 585 epistularum
418 497 602 582 plerumque
632 518 822 582 magnopere
850 498 998 564 abhorret
1022 521 1042 563 a
1063 499 1178 586 grandi
1208 507 1240 566 et
1323 513 1328 520 '

174 587 280 653 medio
311 585 435 651 dicendi
460 606 574 670 genere
597 585 693 650 etad
716 591 819 666 tenue,
841 587 962 652 humile
984 611 1084 674 genus
1107 590 1239 654 referen-

172 675 231 741 dus
255 675 339 756 est.¹)
379 673 508 740 Summa
520 695 594 738 oum
613 674 807 761 indignitate
818 675 987 762 Zumptius
999 680 1128 756 respuit,
1154 679 1238 763 quod

172 788 246 830 cum
264 764 454 831 Ciceronum
477 763 641 828 latinitate
660 764 862 829 Hermannus
885 765 1059 846 Liviorum,
1082 768 1238 854 Vergilio·

172 877 252 934 rum,
270 853 448 919 Pliniorum
465 853 665 937 aliorumque
678 853 833 917 eiusmodi
845 855 1033 931 scriptorum
1045 856 1238 921 latinitatem

177 945 211 1008 in
235 943 470 1009 contentionem
494 943 630 1020 vocavit,
655 941 801 1025 velut‘2):
823 942 995 1006 Wesshalb
1010 944 1093 1008 Herr
1115 945 1155 1008 H.
1179 945 1239 1010 den

171 1031 344 1097 Ausdruck
367 1037 466 1096 bonus
489 1030 664 1096 latinitatis
687 1037 799 1096 auctor
818 1030 926 1111 tadelt,
951 1033 994 1096 ist
1009 1033 1099 1096 nieht
1117 1056 1157 1096 zu
1173 1057 1238 1098 ver-

171 1121 290 1186 stehen.
325 1119 448 1185 Glaubt
464 1142 496 1184 er
512 1118 595 1184 deun
611 1121 768 1200 wirklich,
792 1120 872 1202 dass,
890 1144 940 1186 wo
964 1143 996 1185 es
1019 1121 1088 1186 sich
1109 1144 1164 1185 um
1188 1122 1237 1186 die

170 1210 333 1276 Latinit'at
345 1209 400 1274 der
412 1209 512 1274 Prosa
523 1210 663 1288 handelt,
686 1209 799 1294 Vergil
823 1210 897 1274 oder
916 1209 1028 1295 irgend
1040 1213 1092 1275 ein
1106 1209 1237 1276 anderer

170 1299 303 1370 Dichter
332 1301 384 1364 ein
407 1303 507 1362 bonus
530 1299 704 1362 latinitatis
728 1303 840 1362 auctor
862 1298 932 1362 sei?
978 1300 1081 1364 Darin
1104 1298 1240 1365 bestand

168 1391 202 1474 ja
225 1388 305 1454 eben
328 1387 384 1452 das
407 1386 529 1452 Sinken
552 1385 606 1452 der
628 1386 838 1450 lateinischen
861 1387 969 1466 Prosa,
993 1388 1066 1452 dass
1090 1411 1165 1452 man
1189 1389 1240 1452 die

171 1478 331 1563 poetisohe
368 1476 500 1541 Diction
533 1477 568 1539 in
602 1475 739 1540 disselbe
778 1475 954 1560 tibertrug.“
1000 1473 1092 1549 Quae
1131 1479 1240 1541 omnia

171 1568 291 1651 optime
313 1565 477 1651 disputata
500 1571 584 1646 sunt,
606 1563 661 1629 sed
684 1564 725 1629 ad
746 1563 966 1629 recensendam
991 1564 1153 1630 Ciceronis
1176 1568 1239 1651 epi-

171 1657 331 1722 stularum
354 1656 550 1721 latinitatem
574 1676 685 1740 parum
708 1653 840 1733 idonea,
862 1654 939 1718 licet
961 1653 1003 1718 ad
1025 1660 1130 1720 cetera
1153 1653 1239 1720 Cice·

170 1746 257 1810 ronis
279 1751 398 1829 scripta
421 1743 598 1809 adhibenda
613 1744 694 1824 sint,
718 1745 752 1807 in
772 1745 922 1828 epistulis
939 1750 1055 1821 autem,
1079 1747 1117 1808 ut
1129 1743 1239 1810 Cicero

171 1835 239 1920 ipse
262 1834 445 1915 confitetur,
475 1835 663 1918 plerumque
693 1833 799 1917 plebio
823 1838 856 1896 ct
879 1827 1065 1917 quotidiano
1095 1854 1239 1897 sermone

171 1924 338 2002 utebatur,
384 1944 486 2007 neque
528 1944 603 1986 eum
637 1923 671 1984 in
707 1924 855 1984 accurata
885 1922 1108 2000 elaborataquc
1143 1941 1239 2002 opera

173 2015 310 2097 irrepere
332 2033 444 2097 passus
471 2015 528 2074 est.
574 2007 637 2072 Sed
659 2008 807 2070 nonnulli
830 2007 999 2090 scriptores
1023 2009 1129 2070 aetate
1152 2005 1238 2072 Cice·

171 2103 258 2168 renis
292 2099 478 2178 posteriores
505 2117 614 2164 rursus
644 2095 731 2159 haud
761 2096 808 2158 ita
837 2115 939 2180 pauca
969 2116 1009 2159 ex
1039 2094 1095 2159 illo
1124 2116 1239 2181 genere

173 2191 339 2274 desumpta
371 2187 497 2272 scriptis
534 2187 600 2251 suis
631 2187 841 2250 inseruerunt.
887 2181 993 2258 Quare
1026 2185 1147 2249 factum
1183 2189 1239 2264 est,

172 2286 209 2344 ut
232 2280 353 2344 multae
376 2276 538 2356 dictiones,
562 2296 642 2360 quae
665 2277 700 2338 in
723 2271 884 2338 Ciceronis
908 2273 1056 2357 epistulis
1078 2274 1240 2359 leguntur,

172 2389 329 2452 nusquam
359 2358 436 2429 alibi
463 2369 590 2428 exstent
612 2365 676 2428 nisi
698 2361 786 2446 apud
809 2362 966 2444 Tacitum,
980 2363 1141 2442 '·Plinium,
1162 2359 1239 2441 Sue-

171 2459 306 2532 tonium,
331 2452 576 2534 Quintilianum,
598 2451 810 2518 Columellam
833 2447 923 2531 1113)
969 2449 1058 2525 Quin
1080 2451 1177 2514 etiam
1199 2449 1240 2514 ad

171 2550 336 2633 poctarum
359 2541 560 2628 quorundam
583 2563 758 2607 sermonem
781 2539 943 2606 Ciceronis
958 2540 1055 2607 verba
1070 2541 1240 2626 praecipue

173 2636 208 2698 in
231 2633 378 2719 epistulis
400 2631 486 2697 haud
508 2653 580 2698 raro
603 2631 759 2698 accedunt
773 2629 807 2711 4).

217 2789 334 2876 Epist.
358 2790 399 2875 I,
423 2788 479 2874 15,
501 2789 537 2857 3:
574 2792 693 2874 „Venio
722 2812 808 2855 nunc
834 2790 930 2873 longo
961 2807 1038 2850 sane
1068 2783 1239 2885 intervallo

302 2882 343 2947 ad
373 2881 534 2967 quandam
564 2881 749 2966 epistulam,
780 2898 843 2961 qua
871 2875 948 2937 mihi
971 2873 1072 2938 multa
1095 2872 1240 2936 tribuens

301 2995 403 3037 unum
426 2968 689 3056 reprehendebas,
715 2964 798 3049 quod
820 2966 855 3028 in
876 2961 1052 3027 honoribus
1076 2961 1239 3024 decernen-

302 3061 350 3126 dis
373 3081 473 3126 essem
495 3059 614 3122 nimius
637 3062 670 3120 et
692 3060 855 3138 tamquam
879 3050 1039 3137 prodigus.
1084 3049 1135 3113 'lu
1165 3049 1240 3128 hoc;

302 3151 386 3215 alius
420 3149 568 3223 fortasse,
603 3146 687 3228 quod
715 3144 751 3205 in
773 3140 1047 3206 animadversione
1077 3158 1241 3224 poenaque

303 3239 425 3317 durior,
447 3235 511 3299 nisi
532 3234 667 3297 fortasse
688 3237 859 3315 utrumque
881 3236 933 3306 tu,
957 3226 1042 3314 quod
1064 3229 1100 3290 si·
1116 3227 1162 3290 ita
1185 3231 1241 3308 est,

303 3326 467 3409 utriusque
477 3322 525 3401 rei
537 3342 643 3387 meum
655 3320 812 3386 iudicium
824 3317 935 3384 studeo
956 3317 1018 3382 tibi
1033 3337 1101 3380 esse
1116 3315 1241 3379 notissi-

255 3575 277 3642 ¹)
296 3531 431 3629 saunari
441 3572 532 3698 {leoco
552 3567 724 3696 qlirolgqqero
742 3565 856 3690 1112111110.
876 3582 942 3691 ιίἓιιε
961 3566 1005 3620 eat
1024 3580 1151 3618 sermone

457 3682 464 3698 .
580 3659 596 3694 n
682 3678 689 3693 .
794 3675 802 3690 .
858 3679 864 3691 .
915 3675 922 3690 .

307 3769 348 3774 ..
426 3714 464 3770 ΙΙ.
483 3658 595 3784 01111111
616 3707 693 3765 1854.
708 3655 760 3778 ἓξ
779 3705 804 3760 4.
824 3706 850 3760 8.
927 3776 933 3787 .

299 3787 418 3842 Krause:
450 3783 553 3840 Stiliat.
581 3780 798 3848 Bemerlrungen
827 3795 877 3832 aus
903 3775 960 3832 Cro.
980 3777 1103 3832 Bricfen.
1142 3774 1241 3828 Allan·

452 3854 526 3912 stein
546 3853 622 3910 1869.
642 3870 691 3923 pg.
711 3853 736 3906 5.
1144 3883 1147 3890 .

259 3929 282 3999 ²)
301 3928 429 3984 Berliner
446 3925 631 3984 Jahrbflcher.
651 3920 729 3978 1845.
750 3938 799 3991 pg.
819 3919 880 3975 725.

257 3999 279 4071 ⁸)
297 4001 404 4057 Krause
423 4000 443 4054 l.
462 4017 484 4056 c.
504 4015 551 4068 pg.
572 3998 597 4053 7.
617 4013 678 4064 sqq.

256 4071 447 4138 Ι1811111111.
469 4086 490 4126 c.
511 4069 534 4123 1.
553 4085 600 4139 pg.
622 4066 663 4136 15.
