2782 4458
570 187 761 249 ..9.-

135 366 273 452 einniger
288 364 536 450 lingererBricf
555 365 616 428 mit
637 364 717 428 aller
733 363 981 428 unsererKunst
1003 365 1071 428 sich
1095 366 1199 430 lesbar
1291 354 1294 363 ¹

135 454 268 520 macheu
291 453 407 532 wiirde,
430 473 524 518 wenn
546 474 606 517 uns
630 452 681 516 die
699 451 907 517 Correoturen
929 453 1058 533 fehlteu
1079 455 1199 518 welche

134 563 201 607 von·
225 543 311 607 einer
341 540 460 605 andern
490 540 585 604 Hand
612 540 683 606 dem
706 541 804 606 codex
827 541 1083 627 beigesohrieben
1105 543 1200 606 sind.“

224 659 299 724 Jam
312 656 351 722 de
371 657 450 721 locis
472 657 636 722 nonnullis
659 656 820 737 disseram,
844 659 957 742 quibus
980 659 1014 722 in
1037 657 1201 722 defenden-

136 746 185 812 dis
196 748 277 811 mihi
288 768 352 811 non
364 744 523 811 satisfecit
533 747 736 812 Hermannus
748 748 798 811 vir
809 746 1012 811 doctissimus
1029 751 1061 812 et
1073 750 1201 832 propter

136 858 217 919 quas
239 835 440 922 potissimum
464 836 673 920 epistularum
696 836 923 902 obtrectatores
947 837 1103 922 epistulas
1116 836 1201 900 dam·

136 923 259 989 nandas
281 945 348 990 esse
371 928 578 1010 putaverunt:

182 1065 297 1152 Epist.
317 1067 349 1150 Ι,
369 1067 403 1146 2,
418 1065 459 1130 3:
482 1067 601 1152 „magis
623 1067 700 1130 mihi
722 1066 875 1151 probatur
894 1067 1036 1132 militum
1051 1069 1201 1134 severitas

266 1179 362 1242 quam
384 1159 457 1232 tua3
479 1160 512 1217 te
534 1154 786 1219 benevolentiam
810 1155 883 1218 etc.“

227 1273 299 1336 Jam
328 1269 536 1334 Marklandns
548 1268 573 1350 ¹)
607 1271 845 1356 vituperaverat
876 1272 967 1350 „tua‘
1001 1272 1202 1338 substantivo

111 1405 118 1420 t
140 1361 256 1424 omisso
278 1358 456 1443 maluitque
478 1358 553 1424 addi
574 1360 811 1424 substantivum
825 1359 983 1439 „lenitas“.
1017 1358 1089 1433 Quo
1100 1361 1204 1446 suple-

139 1453 247 1513 mento
280 1471 344 1513 non
366 1471 445 1534 opus
476 1471 543 1514 esse
565 1449 766 1518 Hermannus
795 1447 957 1512 contendit
966 1446 1007 1528 ²),
1037 1449 1205 1514 subaudiri

139 1545 223 1602 enim
253 1560 292 1602 ex
325 1539 529 1603 substantivo
559 1537 745 1618 „severitas“
773 1536 902 1601 eandein
926 1543 1096 1601 notionem.
1139 1538 1204 1601 Ita-

139 1649 200 1712 que
223 1627 390 1711 Zumptius
414 1627 591 1690 Hermanni
621 1628 811 1690 sententiam
842 1627 1048 1715 impugnavit
1059 1623 1086 1706 3)
1121 1625 1205 1710 quod
1255 1651 1259 1656 ¹

139 1717 167 1779 si
190 1717 292 1778 latine
314 1714 416 1779 dicere
446 1715 573 1794 liceret,
608 1714 716 1779 eodem
746 1713 838 1778 modo
862 1735 899 1778 ac
922 1737 992 1778 rure
1015 1713 1077 1778 dici
1100 1735 1204 1798 posse:
1331 1715 1333 1718 ’

141 1803 311 1883 „Romanis
333 1803 437 1888 magis
459 1803 612 1889 probatur
624 1801 769 1868 Caesaris
791 1804 929 1885 victoria
952 1825 1048 1888 quam
1059 1803 1204 1888 Pompeii

140 1893 194 1974 (sc.
218 1893 330 1979 fugati
372 1890 435 1956 Sed
463 1915 520 1957 suo
543 1894 614 1957 iure
636 1890 838 1956 Hermannus
861 1893 921 1957 hoe
944 1891 1090 1957 concludi
1113 1913 1205 1977 posse

140 1984 271 2068 negavit
278 1981 304 2063 ⁴)
320 1981 406 2067 quod
417 1982 656 2048 substantivum
667 1982 850 2063 ‚severitas“
862 1983 1025 2047 notionem
1036 1981 1204 2047 relativam

139 2072 278 2138 haberet.
323 2069 501 2145 Quominus
524 2077 632 2136 autem
655 2093 727 2136 cum
749 2071 931 2136 Hermanno
953 2071 1085 2152 faciam,
1114 2077 1206 2135 tenor

141 2161 372 2225 sententiarum
387 2161 540 2244 prohibet.
571 2161 603 2224 Is
625 2161 711 2225 enim
734 2161 878 2245 requirit,
900 2165 937 2224 ut
953 2181 1025 2225 cum
1037 2159 1205 2225 Tunstallo

142 2254 174 2312 et
190 2247 337 2312 Ernestio
357 2253 389 2312 et
402 2247 631 2334 Wesenbergio
654 2253 727 2335 post
749 2271 922 2332 pronomen
945 2249 1033 2330 „tua“
1056 2249 1206 2313 lacunam

141 2342 333 2418 statuamus,
356 2336 404 2402 ita
427 2342 466 2402 ut
487 2337 640 2402 exciderit
663 2338 901 2403 substantivum
924 2339 991 2403 sive
1006 2337 1206 2418 „clementia“

142 2426 237 2505 (sicut
259 2425 509 2512 Wesenbergius
543 2427 689 2507 coniecit)
723 2427 790 2492 sive
825 2426 975 2507 ‚ienitas“
1008 2427 1093 2507 (cum
1124 2425 1206 2489 Tun-

142 2515 238 2578 stallo
262 2519 295 2577 et
305 2515 475 2594 Emestio).
506 2516 617 2598 Neque
640 2516 725 2579 enim
742 2513 777 2578 id
792 2513 902 2580 Cicero
919 2514 997 2599 agit,
1019 2519 1057 2577 nt
1068 2513 1206 2578 Brutum

143 2603 320 2685 vituperet,
354 2601 439 2682 quod
471 2604 619 2686 exiguam
643 2605 772 2666 tantum
794 2603 996 2666 severitatem
1018 2601 1208 2680 adhibuerit,

143 2691 242 2753 immo
276 2686 363 2773 quod
396 2689 524 2754 omnino
557 2688 690 2752 nullam.
741 2685 900 2760 Quocirca
929 2709 1002 2752 vere
1030 2695 1094 2751 iam
1125 2688 1207 2752 Tun-

143 2779 259 2843 stallus
281 2781 526 2863 argumentatus
550 2771 651 2856 est⁵):
681 2775 752 2856 „the
782 2775 921 2858 severity
944 2775 978 2840 of
998 2773 1117 2839 Brutus
1140 2798 1208 2840 was

143 2889 226 2932 none
248 2871 283 2932 at
305 2866 351 2930 all
374 2864 438 2930 and
460 2865 515 2930 the
537 2869 626 2934 want
648 2865 684 2929 of
702 2867 729 2929 it
752 2865 778 2928 is
800 2864 856 2929 the
878 2885 957 2948 very
976 2863 1080 2948 thing,
1105 2864 1209 2927 which

145 2952 255 3020 Cicero
278 2955 399 3021 blames
421 2955 456 3018 in
478 2954 544 3018 him
567 2953 641 3018 here
664 2953 728 3018 and
750 2976 792 3018 on
815 2953 906 3018 other
931 2952 1036 3037 places
1049 3002 1056 3016 .
1136 2953 1209 3018 how

144 3043 224 3107 than
247 3064 307 3107 can
329 3043 383 3106 the
407 3044 544 3126 severity
569 3041 604 3106 of
622 3043 756 3122 Brutus,
785 3043 873 3108 wich
898 3063 966 3106 was
988 3063 1088 3119 none,
1121 3062 1209 3106 come

144 3131 212 3196 into
243 3153 309 3216 any
343 3132 542 3216 comparison
574 3131 656 3196 with
687 3133 760 3198 that
781 3127 825 3202 tof
852 3131 903 3195 his
936 3129 1093 3196 soldiers.“
1136 3129 1209 3194 Huc

145 3220 275 3301 accedit,
297 3219 384 3307 quod
406 3221 535 3285 omnino
556 3219 616 3283 hoc
638 3219 708 3285 loco
720 3218 819 3284 codex
831 3219 1025 3304 archetypus
1041 3224 1209 3304 corruptus

145 3309 243 3375 fuisse
254 3309 388 3390 videtur,
410 3331 483 3375 cum
507 3309 612 3372 etiam-
627 3308 662 3371 in
684 3310 732 3388 iis,
755 3327 835 3390 quae
857 3310 1000 3392 proxime
1018 3307 1210 3372 antecedunt

146 3399 323 3482 scripturae
351 3397 509 3464 fluctuent
545 3394 598 3478 (de
631 3393 776 3461 (latomiis
810 3431 852 3444 -
888 3394 925 3460 de
958 3394 1139 3474 Antoniis),
1172 3401 1210 3459 ut

146 3485 219 3639 'qnde
254 3508 378 3570 quoquc
411 3484 589 3574 corrigendi
622 3485 793 3550 necessitas
827 3483 979 3568 quaedam
1002 3484 1143 3568 praeberi
1165 3485 1210 3547 vi·

169 3580 268 3640 eatur.
294 3609 331 3620 -

237 3821 258 3923 ζ)
277 3820 483 3904 aemonspg.
503 3779 563 3873 rsa

235 3895 258 4032 ‘i
275 3890 630 4030 gqngqelaqqngrpqqeqpq·
651 3977 699 4029 pg.
719 3958 761 4013 1⁴.

238 4033 250 4134 ἱ
278 4033 455 4159 pipgmetrum
473 4033 532 4087 not.
551 4029 587 4086 23
604 4033 634 4086 ct
653 4033 696 4086 2⁶.
