2782 4458
145 345 234 410 Haec
265 353 433 434 antequam
464 352 527 437 ipsi
551 359 693 418 nostram
715 354 754 420 de
776 358 942 424 latinitate
964 361 1077 427 harum
1100 366 1215 449 episto·

146 435 250 498 larum
266 435 515 522 disputationem
530 439 746 524 instituamus,
761 463 992 531 persequemur,
1015 451 1064 514 ita
1079 453 1214 535 quidem,

146 527 184 587 ut
217 525 390 592 secundum
420 527 564 594 ordinem
594 531 698 596 libelli
731 533 908 598 Hermanni
942 537 1049 617 (Vind.
1080 541 1212 624 latinit),

146 633 226 695 quae
249 618 334 678 recte
357 616 391 678 in
414 638 451 681 eo
475 617 601 682 defensa
625 641 692 684 esse
715 622 951 702 existimemus,
976 634 1212 711 praetereamus

145 701 335 786 silentioque
351 706 441 788 quasi
459 708 706 791 acinprobemus,
725 731 763 775 ea
778 712 879 793 modo,
903 734 986 798 quae
1000 715 1211 784 Marklandus

145 795 229 854 recte
252 791 399 857 videatur
422 795 612 876 observasse,
636 798 738 863 denuo
761 804 1004 872 examinemus.“
1041 805 1212 893 Multaque

144 879 274 943 silentio
290 885 513 966 comprobavit.
549 884 612 950 Sed
627 886 691 950 iam
707 894 777 953 tum
792 890 1078 974 Lieberkuehnius,
1102 919 1211 980 quam-
1278 925 1281 930 ¹

144 987 239 1051 quam
262 969 303 1032 ab
325 970 502 1037 Hermanni
524 975 670 1058 partibus
693 982 779 1043 stare
801 981 917 1044 maluit
940 1003 1036 1064 quam
1059 983 1210 1069 Zumptii,

144 1055 195 1119 vel
228 1060 435 1142 sagacissima
457 1062 633 1149 Hermanni
662 1064 843 1132 defensione
865 1070 931 1133 fore
953 1072 1091 1156 negavit,
1115 1079 1153 1137 ut
1175 1075 1210 1137 in

143 1152 303 1230 posterum
334 1170 390 1213 eae
412 1151 567 1235 epistulae
597 1176 724 1237 prorsus
758 1159 915 1240 genuinae
945 1159 1162 1225 iudicarentur
1173 1159 1207 1242 ¹).

143 1233 249 1299 Verba
272 1238 337 1322 ejus
361 1241 560 1325 transcripsi:
594 1241 691 1320 „hlan
719 1245 796 1306 wind
825 1247 978 1330 glauben,
1009 1249 1109 1314 dieses
1132 1250 1209 1314 Hin-

143 1333 345 1409 wegrttumen
369 1326 423 1392 der
438 1327 712 1414 Auhlagepunhte
735 1331 838 1396 werde
862 1334 1054 1416 hinreiohen,
1078 1339 1134 1402 das
1158 1360 1209 1424 ge-

142 1411 268 1478 aohtete
290 1414 380 1478 Bueh
402 1416 519 1482 wieder
541 1418 814 1484 zmuckzufuhren
837 1421 872 1483 in
895 1420 946 1484 die
968 1422 1035 1486 ihm
1057 1427 1208 1509 gehdrige

144 1499 282 1567 Heimat
329 1504 419 1569 Doch
452 1505 540 1570 nein!
573 1506 625 1572 ich
657 1509 774 1593 glaube
807 1530 841 1573 es
874 1507 972 1574 nicht.
1018 1511 1078 1576 Die
1112 1513 1207 1598 lange
1241 1546 1242 1550 =

142 1588 297 1656 Schmach
328 1600 370 1659 ist
404 1594 650 1680 einigermassen
683 1599 812 1684 getilgt,
847 1597 927 1662 doch
960 1600 1030 1664 will
1057 1600 1111 1665 der
1130 1601 1207 1666 Ver-

142 1683 282 1746 stossene
294 1681 344 1747 die
356 1685 444 1749 alten
455 1683 578 1750 Rechte
590 1685 707 1752 wieder
723 1688 881 1772 erlangen,
904 1709 938 1752 sc
961 1711 1047 1752 muss
1071 1711 1104 1753 er
1125 1690 1208 1754 noch

142 1769 236 1834 einen
258 1773 418 1856 positiven
438 1774 562 1840 Beweis
585 1776 781 1863 beibringen,
804 1775 877 1840 dass
899 1799 932 1841 er
956 1779 1006 1841 ein
1029 1779 1207 1843 ebenbiirti-

141 1879 197 1944 ger
214 1858 301 1924 Schn
317 1859 370 1926 des
389 1863 513 1928 Hauses
528 1866 580 1927 ist.
618 1863 678 1929 Die
702 1887 803 1950 ganze
825 1865 1089 1952 Beweisfiihrung
1105 1866 1208 1930 Herrn

140 1947 323 2013 Hermanns
346 1952 472 2016 enth'alt
487 1951 547 2015 den
562 1950 801 2030 abwehrenden,
824 1953 913 2014 mehr
928 1956 1100 2036 negativen
1117 1953 1208 2016 Theil

141 2034 196 2100 des
218 2039 384 2104 Beweises.
419 2040 483 2102 Der
506 2039 642 2123 positive
664 2039 789 2104 Beweis
811 2041 854 2102 ist
877 2060 932 2102 aus
957 2041 1042 2105 einer
1064 2062 1208 2125 genauen

141 2126 360 2209 sprachlichen
383 2127 621 2212 Vergleichung
644 2129 704 2192 mit
727 2127 787 2191 den
810 2127 1032 2194 anethannten
1048 2128 1210 2194 Schriften

144 2213 197 2279 des
214 2214 323 2281 Cicero
340 2239 379 2281 au
395 2217 518 2296 siihren,
540 2215 606 2280 und
629 2238 662 2281 es
684 2219 728 2281 ist
750 2215 939 2299 darauthun,
963 2220 1024 2284 wie
1040 2222 1075 2284 in
1092 2241 1209 2286 unsern

141 2304 269 2370 Briefen
298 2306 439 2371 derselbe
461 2305 610 2386 Satzbau,
634 2306 772 2371 dieselbe
795 2303 1210 2391 Gedankenverkniiplung,

141 2394 282 2460 derselbe
304 2395 569 2481 Wortgebrauch,
591 2397 651 2459 mit
674 2397 776 2460 einem
789 2393 904 2458 Worte
925 2395 1062 2460 disselbe
1078 2393 1208 2480 Spraeh-
1307 2413 1309 2424 ⁴

140 2485 236 2548 weiss
259 2485 327 2549 sich
349 2484 456 2564 findet,
479 2485 541 2549 wie
564 2485 598 2548 in
618 2483 736 2569 jencn.“

231 2572 324 2647 Quae
347 2595 455 2638 vereor
478 2577 515 2639 ut
538 2595 665 2659 prorsus
680 2578 766 2637 recte
782 2594 849 2638 sese
864 2573 1011 2638 habeant.
1044 2571 1208 2638 Contendo

140 2663 234 2744 enim,
269 2685 333 2728 non
367 2668 435 2728 tam
468 2662 666 2729 latinitatem
700 2661 895 2728 diiudicandi
923 2685 1033 2727 ansam
1063 2668 1209 2746 praebere

140 2775 230 2838 posse
255 2777 350 2839 quam
373 2776 423 2818 res
447 2753 486 2817 ad
506 2754 673 2818 historiam
696 2753 824 2816 illorum
850 2756 1026 2835 temporum
1050 2749 1207 2830 pertinen-

139 2849 197 2907 tes.
243 2841 408 2916 Quomodo
441 2844 570 2906 omnino
597 2842 745 2905 latinitas
774 2842 814 2902 iis
844 2839 956 2921 regula
990 2841 1023 2899 et
1052 2835 1208 2899 iudicium

140 2953 207 2995 esse
230 2936 343 3016 potest,
366 2931 422 3013 qui
445 2931 506 2994 etsi
529 2932 704 2994 oraticnem
728 2925 855 3010 quidem
879 2930 1037 3009 comptam
1054 2945 1121 2988 esse
1137 2945 1208 2987 ecn-

140 3020 267 3099 eedant,
302 3026 409 3082 tamen
439 3018 513 3082 inde
540 3017 691 3101 consequi
720 3019 853 3100 negant,
886 3019 923 3078 ut
957 3013 1112 3098 epistolae
1143 3014 1209 3076 sint

140 3109 313 3196 genuinae,
354 3108 451 3171 immo
492 3105 588 3190 paulo
622 3109 694 3190 post
728 3102 888 3169 Ciceronis
924 3108 1059 3167 mortem
1098 3123 1117 3164 a
1151 3101 1208 3163 fl-

141 3201 225 3262 sario
238 3196 373 3282 quodam
387 3217 440 3260 eas
461 3196 656 3278 conscriptas
673 3214 740 3256 esse
755 3191 900 3257 iudicant
930 3192 1019 3256 velut
1038 3185 1209 3266 Orellius‘2)

142 3294 174 3352 et
195 3281 450 3364 Niebuhrius³)?
492 3284 564 3348 Huc
587 3280 717 3362 accedit,
740 3281 824 3366 quod
846 3303 880 3345 re
903 3302 977 3344 vera
999 3279 1154 3342 maximae
1178 3281 1210 3340 et

141 3377 329 3462 praecipuae
352 3372 569 3450 difficultates,
594 3372 633 3437 de
653 3372 770 3456 quibus
785 3370 983 3456 potissimum
999 3388 1124 3433 summa
1139 3387 1209 3430 ccn-

142 3468 246 3530 tentia
269 3471 338 3530 erat
361 3468 486 3543 exorta,
512 3461 628 3526 codicis
651 3459 787 3525 Medioei
809 3462 841 3521 et
864 3456 1016 3542 marginis
1040 3453 1211 3549 Cratandri

143 3577 202 3641 ope
230 3575 357 3642 prorsus
389 3557 529 3617 remotae
560 3555 644 3614 sunt.
689 3548 807 3612 Omnes
838 3545 936 3626 enim,
970 3546 1025 3630 qui
1047 3545 1211 3626 hucusque

142 3644 243 3708 fusius
267 3641 484 3727 quaestionem
507 3637 792 3716 adumbraverunt,
822 3656 860 3700 ea
891 3635 925 3698 in
956 3657 991 3700 re
1014 3635 1208 3708 erraverunt,

143 3732 226 3816 quod
248 3754 311 3796 non
335 3730 370 3795 id
392 3731 594 3815 potissimum
615 3730 755 3812 egerunt,
777 3729 822 3804 ut,
845 3730 1031 3808 priusquam
1048 3720 1210 3786 adlatini-

142 3825 242 3885 tatem
256 3818 498 3885 cxansinandanr
510 3815 785 3904 progrederentur,
807 3817 932 3878 textum
956 3813 997 3877 ad
1019 3809 1112 3874 fidem
1129 3806 1210 3872 ccdi-

235 3997 253 4064 ¹)
271 3997 373 4052 Jenaer
391 3996 507 4066 allgem.
526 3988 790 4060 literaturaeitung
811 3987 890 4042 1846.
910 4005 957 4056 pg.
979 3983 1057 4037 1186.

235 4065 256 4170 :l
275 4085 341 4137 opp.
360 4067 421 4124 Cic.
437 4068 495 4124 vol.
515 4066 560 4121 lll.

131 4155 136 4162 '
247 4143 257 4208 )
277 4139 297 4195 1.
317 4158 340 4194 c.
