2782 4458
578 217 794 280 ...13·..

152 417 239 483 spem
271 395 408 459 nondum
440 393 605 472 abiecisse,
647 413 713 458 rem
758 413 829 455 cum
860 387 1003 454 Antonio
1056 389 1223 455 convenire

153 506 255 564 posse,
290 505 422 566 eamque
457 482 498 546 ob
530 503 597 546 rem
634 503 675 545 ne
704 479 886 545 Antonium
918 476 1058 542 laederet
1092 479 1223 542 cavisse.

153 573 300 657 Denique
312 595 351 637 ex
363 572 467 657 prima
479 593 602 656 quoque
615 569 753 656 epistula
765 569 806 633 ad
818 568 955 632 Brutum
967 567 1132 630 enucleare
1143 566 1224 630 milri

154 661 281 740 videor,
313 663 410 725 etiam
441 682 477 724 eo
506 666 664 747 tempore,
700 681 761 743 quo
792 681 829 722 ea
860 657 1000 742 epistula
1023 657 1144 740 scripta
1167 659 1224 736 est,

154 773 247 836 spem·
265 751 356 814 illam
378 751 514 814 Brutum
529 749 672 814 nondum
689 749 849 813 abiecisse.
881 745 1001 810 Scribit
1016 745 1101 808 enim
1113 741 1224 808 Cicero

154 841 257 904 Bruto
269 839 392 920 haecl):
417 837 538 919 „Olodii
551 841 695 903 animum
709 841 910 922 perspectum
921 834 1033 911 habac,
1051 833 1224 919 cognitum,

155 928 343 1008 iudicatum;
375 928 479 993 multa
511 929 578 990 eius
610 924 742 1006 iudicia,
772 925 827 989 sed
856 924 898 988 ad
929 921 1131 987 scribendum
1160 943 1224 984 non

154 1018 347 1096 necessaria3
378 1018 450 1082 volo
475 1017 559 1080 enim
582 1015 805 1080 testimonium
828 1013 888 1076 hoo
910 1011 972 1075 tibi
994 1011 1095 1076 videri
1117 1011 1224 1097 potius

155 1128 251 1191 quam
283 1106 464 1192 epistulam.
511 1102 639 1167 Auctus
667 1101 804 1166 Antonii
834 1100 986 1166 beneficio
1018 1105 1067 1164 cst
1092 1135 1128 1144 -
1156 1101 1224 1164 cius

155 1197 258 1281 ipsius
269 1193 416 1260 beneficii
431 1213 549 1277 magua
571 1214 645 1278 pars
668 1213 688 1255 a
710 1197 743 1256 te
767 1196 815 1256 est
839 1212 897 1269 -3
920 1191 1031 1274 itaque
1043 1210 1115 1254 eum
1129 1190 1225 1254 salvis

155 1285 248 1346 nobis
270 1282 368 1346 vellet
390 1282 528 1361 salvum;
551 1282 584 1345 in
608 1305 680 1346 eum
704 1284 810 1345 autern
834 1281 939 1345 locum
963 1301 1030 1344 rem
1053 1277 1224 1342 adductam

156 1370 331 1456 intellegit,
361 1406 399 1416 -
433 1375 482 1434 est
516 1372 599 1435 enirn
638 1376 687 1436 ut'
712 1372 774 1435 scis
808 1370 940 1434 minime
974 1368 1164 1433 stultus-
1187 1372 1225 1431 ut

156 1460 285 1544 utrique
308 1460 390 1524 salvi
414 1481 481 1524 esse
504 1483 568 1524 non
591 1462 729 1545 possint,
762 1461 871 1544 itaque
894 1479 952 1522 nos
975 1457 1108 1538 mavult,
1124 1457 1170 1520 *de
1191 1461 1225 1520 te
1292 1529 1295 1536 ¹

154 1571 228 1614 vero
262 1549 455 1614 amicissime
490 1555 522 1614 et
557 1551 701 1633 loquitur
735 1554 768 1612 et
799 1549 906 1613 sentit.
952 1546 1073 1626 Quare,
1102 1546 1224 1629 siquis

153 1660 243 1703 secus
277 1638 318 1702 ad
351 1644 384 1702 te
418 1639 456 1702 de
492 1660 527 1701 eo
563 1639 691 1722 scripsit
721 1642 780 1701 aut
811 1638 840 1699 si
869 1656 976 1699 coram
1009 1637 1135 1698 locutus
1167 1639 1224 1714 est,

153 1732 227 1811 peto
240 1747 259 1789 a
272 1726 414 1790 teetiam
431 1731 528 1810 atque
551 1726 657 1806 etiam,
679 1726 760 1790 mihi
785 1731 823 1789 ut
845 1725 952 1810 potius
976 1722 1094 1802 credas,
1117 1722 1222 1807 quiet

154 1814 281 1878 facilius
304 1813 445 1878 iudicare
468 1835 596 1899 possum
620 1837 712 1899 quam
736 1814 792 1878 ille
815 1820 888 1897 quis
911 1818 944 1876 et
962 1811 1220 1897 te·plusdilig0.“

153 1903 308 1988 Denique
331 1925 403 1968 cum
426 1904 622 1970 Octavianus
644 1904 746 1968 Bruto
777 1925 893 1989 magno
923 1901 994 1966 odic
1019 1906 1102 1966 esset
1124 1907 1221 1985 atque

152 1994 186 2055 in
217 2014 374 2057 summam
405 1994 617 2079 suspicionem
644 1995 784 2059 venisset
818 1993 983 2077 multoque
1014 1991 1221 2077 periculosior

153 2103 220 2146 esse
243 2083 404 2147 videretur
427 2105 524 2166 quam
546 2080 733 2165 Antonius,
754 2081 910 2168 quomodo
934 2082 1001 2147 fieri
1025 2081 1150 2166 potuit,
1184 2084 1222 2144 ut

152 2171 273 2234 Brutus
284 2171 319 2234 id
330 2172 534 2254 potissimum
549 2172 703 2251 laudaret,
726 2173 767 2236 ad
779 2172 863 2258 quod
875 2170 1077 2236 efficiendum
1093 2169 1221 2235 odiosus

152 2258 208 2322 ille
231 2259 428 2324 Octavianus
459 2261 665 2325 arcessendus
688 2262 780 2327 erat?
826 2259 949 2336 Quibus
978 2261 1123 2325 omnibus
1153 2281 1220 2344 per·

152 2349 259 2432 pensis
282 2348 310 2412 si
333 2349 391 2414 hoc
415 2347 508 2413 modo
531 2352 769 2430 ratiocinamur,
792 2372 900 2415 omnes
926 2349 1132 2415 difficultates
1149 2347 1221 2412 tolli

151 2437 230 2502 mihi
260 2437 426 2503 videntur:
457 2437 541 2503 Sunt
570 2441 667 2505 verba
692 2439 804 2520 Bruti,
825 2463 866 2504 ex
889 2439 1004 2524 quibus
1028 2437 1220 2502 eliciendum

152 2531 214 2602 est,
236 2526 298 2587 iam
322 2532 415 2590 antea
438 2527 504 2591 alia
526 2528 560 2592 in
584 2531 723 2613 epistula
746 2525 1076 2596 Brutnmailicerono
1091 2532 1220 2612 propter

151 2611 352 2675 clementiam
386 2635 474 2676 suam
512 2618 735 2698 reprehensum
774 2637 857 2693 esse;
896 2619 948 2680 cui
982 2617 1221 2700 reprehensioni

152 2700 272 2764 Brutus
284 2706 408 2786 praeter
423 2705 528 2764 cetera
544 2705 694 2786 opposuit
712 2704 789 2766 haec
805 2708 1011 2788 argumenta:
1035 2702 1220 2769 Ciceronem

151 2789 252 2874 ipsum
275 2813 340 2854 non
362 2790 474 2855 statim
498 2791 648 2856 omnibus
671 2791 791 2856 viribus
814 2813 852 2855 ac
874 2790 989 2854 studiis
1008 2797 1041 2856 in
1061 2790 1221 2856 Antonios

151 2879 312 2943 invectum
339 2879 394 2944 sed
420 2885 605 2945 cunctatum
627 2903 709 2960 esse;
734 2880 789 2945 sed
811 2881 871 2946 hoc
894 2879 1011 2945 omisso
1034 2902 1098 2944 non
1121 2902 1220 2945 unam

152 2971 184 3029 et
207 2966 338 3032 eandem
360 2989 491 3033 causam
514 2991 582 3034 csse
604 2971 704 3035 trium
728 2968 952 3035 Antoniorum.
987 2969 1101 3035 Priora
1116 2971 1221 3056 igitur

151 3053 247 3120 verba
279 3055 319 3118 ad
340 3055 374 3119 id
396 3062 521 3142 tempus
545 3065 707 3144 spectant,
738 3082 800 3144 quo
823 3063 895 3146 post
919 3055 1063 3124 Caesaris
1087 3065 1221 3125 mortem

151 3141 312 3209 Antonius
335 3150 368 3209 et
383 3146 578 3212 Octavianus
591 3148 629 3212 de
641 3150 822 3234 principatu
846 3148 1034 3213 contendere
1046 3155 1220 3234 coeperunt

152 3235 249 3318 atque
272 3231 383 3299 Cicero
406 3237 515 3300 neutri
539 3237 673 3302 factioni
695 3241 730 3301 in
752 3238 964 3322 suspicionem
987 3240 1095 3304 venire
1117 3237 1225 3326 studeg

151 3319 250 3402 bat²l
297 3323 411 3408 Itaque
443 3347 507 3388 non
535 3331 644 3411 aperte
675 3324 854 3390 Antonium
884 3326 1006 3391 violare
1028 3349 1131 3412 neque
1152 3328 1221 3392 eius

152 3410 330 3475 amicitiam
364 3412 527 3478 dimittere
565 3435 662 3478 ausus
697 3420 753 3479 est.
799 3413 885 3489 Quin
917 3417 1015 3480 etiam
1049 3418 1084 3480 in
1115 3417 1221 3503 prima
1254 3431 1260 3446 ·

152 3498 296 3563 oratione
308 3500 489 3588 Philippica
500 3509 593 3569 caute
611 3500 771 3584 dicebat.³)
802 3503 881 3569 Veri
898 3505 1098 3569 simillimum
1114 3509 1223 3571 autem

152 3591 213 3666 est,
247 3587 386 3653 Brutum
409 3589 570 3657 Ciceronis
605 3593 848 3658 moderationem
883 3595 934 3659 vel
963 3593 1239 3677 cunictationem,

152 3697 215 3760 qua
238 3676 295 3740 illo
319 3681 460 3762 tempore
483 3701 558 3746 usus
581 3688 659 3762 erat,
682 3682 844 3763 laudasse,
867 3705 939 3749 oum
964 3685 1084 3769 sperari
1107 3690 1222 3769 posset,

152 3766 249 3830 ctiam
282 3771 351 3830 tum
381 3766 473 3831 bonis
497 3769 619 3835 civibus
642 3793 708 3836 rem
732 3793 804 3837 cum
827 3771 970 3837 Antonio
995 3778 1221 3840 conventuram

245 3994 267 4062 ¹)
285 3995 322 4050 ad
340 3993 419 4051 Brut.
439 3995 464 4060 1,
486 3997 507 4050 l.
527 3998 574 4053 fin.
881 4035 884 4044 .

239 4064 261 4124 'l
280 4065 423 4122 Drumann
444 4067 455 4121 I
475 4085 524 4138 pg.
545 4065 604 4134 137,
625 4067 685 4135 151,
706 4069 766 4136 153,
788 4070 847 4126 165.

239 4135 261 4205 ⁸)
280 4137 309 4192 L.
330 4137 432 4208 Lange.
471 4139 621 4196 Romische
641 4140 839 4198 Alterthiimer
858 4143 901 4198 lll.
920 4161 969 4215 pg.
989 4145 1050 4200 500.
