2782 4458
589 186 802 252 ..29,α

165 367 347 450 intimacity
370 367 405 430 of
425 367 513 429 these
536 365 624 430 three
646 370 737 450 great
760 387 840 445 men,
864 372 897 429 to
914 365 1040 429 conceal
1063 365 1143 428 from
1167 386 1227 428 one

166 456 299 520 another
329 461 417 540 parts
442 455 476 518 of
496 453 578 518 their
601 454 725 534 lettres,
756 455 865 522 which
884 476 965 518 were
989 454 1119 518 written
1141 474 1227 538 upon

165 546 219 609 the
257 550 340 608 most
376 542 560 630 publicated
593 544 781 628 interesting
814 545 975 609 occasions
985 544 1016 605 ‘ll‘
1054 549 1154 622 certe,
1191 546 1228 606 ut

166 635 314 698 omittam
337 631 540 696 Tonstallum
572 631 655 696 illud
688 638 737 711 „to
769 634 911 697 00110011ιι
935 653 1061 717 prorsus
1084 653 1123 696 ex
1146 652 1228 695 vano

166 724 302 800 hahere,
317 721 420 786 Attici
444 721 657 804 „intimacity“
681 744 870 806 magnopere
894 721 934 786 ad
956 723 1112 785 incertum
1141 741 1227 786 revo-

115 825 118 832 '
166 819 230 876 cari
258 817 370 896 potest.
416 810 463 875 Ut
491 813 600 894 paucis
631 810 747 891 dicam,
779 812 894 875 talibus
923 810 961 875 de
983 810 1078 874 rebus
1100 808 1227 874 omnino

167 899 337 984 disceptari
370 921 434 962 non
467 906 573 984 potest
602 905 634 962 et
668 903 740 964 sani
773 900 875 964 critici
899 906 960 979 est,
990 905 1027 963 ut
1054 901 1101 963 ita
1124 897 1228 962 dicam

79 996 83 1010 '
166 996 268 1053 artem
290 988 449 1052 nesciendi
472 989 583 1052 colere.
620 987 771 1052 Eiusdem
794 989 857 1052 fere
880 989 1004 1074 generis
1026 988 1099 1073 plus
1122 988 1228 1051 minus

167 1100 203 1143 ea
226 1084 308 1158 sunt,
332 1080 366 1142 in
390 1078 507 1161 quibus
530 1078 563 1140 in
586 1079 728 1161 epistula
751 1080 886 1162 septima
902 1077 1022 1142 decima
1038 1076 1228 1141 Tunstallns

167 1167 350 1238 offenderat,
375 1188 472 1248 quarn
496 1167 624 1230 obrem
648 1167 742 1230 facile
761 1167 826 1231 fieri
839 1169 953 1252 potuit,
977 1165 1228 1231 utHermannus

168 1278 221 1320 eas
259 1255 493 1318 criminationes
535 1254 765 1338 quodammodo
799 1257 965 1341 repelleret
977 1254 1013 1336 ¹).
1068 1254 1228 1320 Tunstalli

169 1343 405 1406 criminationes
428 1349 534 1406 autern
557 1352 633 1408 sunt
655 1346 727 1410 hae:

239 1451 269 1529 ll
293 1473 357 1512 non
379 1451 490 1529 fuisse,
514 1473 570 1514 cur
594 1450 703 1516 Cicero
726 1452 833 1516 mirari
856 1458 977 1537 posset,
1000 1450 1084 1536 quod
1106 1452 1228 1515 Brutus

292 1538 372 1603 nihil
395 1561 536 1638 unquam
561 1540 598 1602 de
621 1543 701 1604 actis
725 1542 794 1605 eius
818 1541 1019 1626 significaret.

233 1649 266 1726 2²)
289 1648 423 1732 cogitari
455 1669 517 1709 non
549 1668 654 1730 posse,
681 1646 865 1712 Ciceronem
898 1647 1073 1732 appellasse
1096 1646 1228 1712 Cascam

294 1757 451 1799 sicarium.

235 1844 266 1920 3)
290 1842 445 1927 triumphi
469 1843 796 1906 commemorationem
823 1845 973 1909 historiae
995 1843 1057 1908 fide
1079 1866 1191 1908 carcre.

233 1950 265 2028 4)
288 1948 392 2014 Attici
415 1949 523 2030 liliam,
547 1951 791 2036 cuiusnuptias
814 1953 874 2016 hac
898 1953 932 2017 in
955 1952 1095 2037 epistula
1106 1952 1228 2016 Brutus

203 2109 206 2116 ¹
292 2039 497 2123 significaret,
530 2040 587 2105 illo
618 2047 758 2126 tempore
781 2048 900 2120 septem
923 2049 1050 2106 tantum
1072 2043 1228 2104 annorum

293 2129 398 2190 fuisse.

256 2230 343 2304 Quas
379 2233 574 2311 offensiones,
612 2240 761 2320 quoniam
796 2240 876 2304 tales
908 2246 983 2304 sunt
1013 2245 1051 2304 ut
1073 2245 1130 2302 aut
1153 2237 1229 2323 quid

167 2321 213 2384 rei
237 2321 279 2384 sit
303 2323 430 2386 omnino
455 2322 590 2388 iudicari
613 2349 677 2390 non
700 2330 810 2412 possit,
833 2335 892 2392 aut
915 2329 1085 2393 domestico
1108 2327 1228 2392 iudicio

167 2413 300 2475 1111111111
332 2413 533 2478 tribuendum
568 2417 627 2496 sit,
659 2417 761 2480 fusius
785 2418 935 2482 hocloco
959 2425 1096 2482 tractare
1121 2439 1227 2502 super·

166 2499 265 2562 secleo.
312 2501 447 2564 Tantum
473 2503 556 2581 dicc,
579 2504 664 2586 quod
687 2508 803 2569 attinet
826 2507 867 2570 ad
889 2509 1143 2571 criminationem
1166 2508 1227 2592 pri-

169 2608 266 2662 mam,
299 2591 443 2667 tertiam,
475 2599 622 2673 quartam
645 2595 686 2657 ah
709 2595 885 2657 llermenni
907 2596 1049 2676 partibus
1073 2603 1158 2660 stare
1180 2619 1228 2659 rne

168 2675 270 2739 malle.
303 2674 396 2749 Quod
419 2677 460 2741 ad
472 2677 605 2742 Cascam
629 2683 754 2760 attinet,
778 2703 836 2765 ego
860 2705 985 2766 quoque
1000 2707 1063 2748 non
1081 2683 1227 2764 adducor,

165 2772 203 2829 ut
240 2763 378 2845 credam,
413 2766 593 2832 Ciceronem
628 2771 689 2834 tali
722 2776 834 2855 probro
863 2769 994 2835 Cascam
1024 2773 1226 2856 increpuisse.

165 2853 367 2939 Quamquam
404 2859 488 2921 enim
522 2859 618 2942 paulo
653 2866 725 2944 post
756 2858 900 2924 Caesaris
934 2865 1066 2924 mortem
1098 2883 1163 2924 rem
1187 2863 1228 2926 ab

166 2945 420 3010 interfectoribus
448 2971 511 3012 non
543 2971 614 3012 cum
643 2951 824 3014 constantia
852 2951 1022 3028 perfectam
1046 2971 1111 3014 esse
1134 2952 1227 3015 intel-

164 3032 302 3112 lexerat,
336 3039 443 3099 tamen
478 3038 598 3102 lactum
632 3040 739 3124 ipsum
770 3061 892 3125 semper
915 3039 1111 3125 praedicavit
1134 3041 1227 3124 quasi

164 3120 317 3186 divinum.
356 3121 459 3208 Atqui
482 3148 522 3189 ne
545 3129 638 3192 nimis
662 3130 753 3214 longi
776 3130 873 3193 simus
897 3130 936 3192 iis
960 3131 994 3192 in
1017 3129 1226 3214 captionibus,

164 3217 362 3275 transeamus
385 3211 425 3276 ad
449 3217 561 3294 cetera,
585 3239 665 3300 quae
689 3218 800 3282 adres
823 3218 985 3283 Romanas
1008 3225 1166 3304 spectant:

254 3299 354 3365 Cuius
372 3304 497 3387 generis
519 3325 622 3388 pauca
641 3307 787 3371 exturba
800 3307 941 3372 inanium
953 3309 1120 3373 verborum
1135 3315 1225 3392 quasi

163 3389 302 3453 eminent
325 3392 489 3478 simulque,
513 3395 540 3457 si
563 3416 669 3459 severe
693 3396 788 3460 verba
801 3397 919 3483 exigas,
942 3420 1069 3483 prorsus
1081 3419 1225 3482 perversa

163 3476 310 3542 evadunt.
356 3481 439 3544 Num
475 3483 533 3547 tibi
561 3485 666 3548 animo
698 3485 846 3570 effingere
874 3492 978 3571 potes,
1014 3487 1149 3564 Brutum
1184 3487 1224 3552 ad

162 3567 399 3632 criminationes
412 3573 572 3655 augendas
584 3574 665 3637 talia
677 3573 822 3640 Ciceroni
833 3577 960 3641 crimini
973 3575 1101 3649 dedisse,
1118 3577 1224 3661 qualia

145 3657 263 3720 'multo
287 3658 389 3740 magis
412 3659 445 3720 in
467 3661 573 3744 ipsum
596 3665 760 3728 transferri
783 3671 939 3750 poterant,
962 3671 1008 3728 ita
1028 3671 1065 3729 ut
1080 3663 1224 3730 Ciceroni

159 3747 281 3810 Brutus
314 3749 490 3811 necessario
521 3752 618 3816 risum
651 3761 799 3818 moveret.
846 3753 991 3819 Ciceroni
1026 3757 1110 3819 enim
1144 3755 1223 3819 vitio

163 3836 269 3912 vertit,
294 3834 379 3919 quod
391 3835 521 3903 Caesari
533 3842 784 3926 supplicavisset,
807 3848 845 3908 111
867 3843 986 3928 optime
999 3843 1037 3908 de
1048 3865 1081 3908 re
1096 3844 1223 3930 publica

159 3924 278 3989 meritis
309 3925 407 3990 salvis
442 3949 509 3992 esse
539 3930 661 4012 liceret;
695 3936 793 4016 atque
821 3934 939 4020 pergit,
970 3933 1003 3998 id
1034 3955 1097 3998 non
1119 3934 1222 4000 solum

158 4057 290 4066 ——-—.
322 4060 370 4068 „m

247 4117 268 4186 ¹)
285 4119 305 4174 l.
325 4139 348 4176 c.
