2782 4458
643 188 861 251 ,32-

225 359 347 438 omnia,
381 381 433 422 111
464 365 587 441 autem,
615 363 671 445 qui
694 363 778 426 orbis
801 368 904 428 terrae
927 366 1080 433 custodiis
1104 391 1167 435 non
1189 373 1283 437 modo

222 447 346 530 saepti,
376 470 484 512 verum
515 450 609 513 etiam
641 453 749 536 magni
772 475 839 518 esse
862 453 1032 536 debebant,
1062 462 1282 528 tantummodo

221 535 347 600 laudari
382 543 478 622 atque
508 541 620 619 amari,
654 539 707 604 sed
738 542 913 626 parietibus
948 548 1126 612 contineri‘.
1172 549 1282 635 Atque

221 625 327 690 idibus
350 626 414 689 fere
437 625 602 712 Aprilibus
626 628 729 693 Roma
751 639 920 714 cesserunt,
942 657 1013 698 cum
1038 637 1070 700 in
1093 641 1180 705 vitae
1202 642 1281 725 peri-

220 715 291 779 culo
314 715 448 780 ibifsese
470 717 589 781 versari
612 717 803 803 putarent¹).

308 838 347 902 In
371 842 509 924 epistula
536 843 582 924 17,
611 847 620 906 1
654 848 871 930 contenditur,
901 848 1084 917 Ciceronem
1107 856 1278 920 ambitione

220 935 397 1014 permotum
421 931 605 997 inimicitias
629 958 701 1000 cum
724 935 878 1002 Antonio‘
890 942 1043 1026 gessiisse.
1075 941 1180 1008 Verba
1202 945 1278 1010 haec

219 1020 306 1081 sunt:
330 1019 454 1098 „...sed
472 1021 629 1105 quaedum
648 1026 727 1090 mihi
742 1027 876 1110 videtur,
899 1029 977 1114 quid
989 1030 1111 1094 dicam?
1131 1035 1278 1116 imperite

219 1107 269 1171 vir
277 1110 417 1172 omnium
426 1111 689 1195 prudentissimus
698 1138 739 1179 an
750 1117 916 1194 ambitiose
930 1120 1046 1200 secisse,
1062 1121 1116 1204 qui
1127 1122 1276 1186 valentis-

218 1197 520 1264 simumAntonium
530 1203 653 1286 suscipe
715 1227 750 1269 ro
758 1208 920 1283 republica
929 1233 992 1272 non
1001 1209 1160 1275 dubitavit
1171 1211 1274 1274 inimi-

218 1287 316 1350 cum.“
350 1287 481 1352 Minime
493 1227 735 1374 probabileICit,
757 1295 893 1358 Brutum
906 1317 971 1360 rem
984 1299 1061 1363 adeo
1075 1299 1275 1386 depravatam

125 1381 127 1384 '
218 1375 329 1439 Attico
352 1378 522 1461 scripsisse.
566 1379 697 1446 Atticus
720 1385 812 1463 enim,
835 1384 919 1447 sicut
942 1388 1039 1449 etiam
1057 1389 1187 1469 Brutus,
1211 1391 1279 1452 sine

218 1463 313 1528 dubio
351 1465 436 1530 haud
473 1468 714 1553 ignoravemnt,
754 1471 836 1556 quod
870 1471 986 1536 attinet
1017 1474 1058 1536 ad
1075 1475 1278 1556 ‘Antonium

219 1551 363 1618 Ciceroni
394 1577 459 1620 rem
492 1559 555 1620 iam
578 1583 642 1624 non
665 1563 699 1624 in
721 1560 844 1647 integro
867 1563 972 1642 fuisse,
1001 1569 1154 1627 nontam
1178 1565 1276 1628 ambi-

217 1643 319 1723 tione,
354 1667 448 1728 quam
481 1647 594 1712 timore
625 1648 806 1714 Ciceronem
840 1652 1012 1738 impulsum
1046 1674 1120 1717 esse.
1167 1652 1276 1718 Cicero

216 1732 317 1817 pridie
348 1732 415 1798 Cal.
440 1733 533 1828 Sept.
565 1760 647 1802 anno
672 1743 712 1803 11
743 1739 878 1806 Romam
909 1742 1068 1828 profectus
1092 1748 1160 1807 erat
1182 1743 1278 1806 Bruti

219 1822 363 1908 precibus
388 1831 576 1908 commotus,
606 1829 660 1892 cui
690 1832 875 1895 nuntiatum
899 1837 979 1911 erat,
1010 1831 1188 1896 Antonium
1211 1854 1277 1896 sen-

216 1912 350 1976 tentiam
379 1936 470 1980 suam
501 1922 727 1996 commutasse,
754 1920 801 1981 ita
825 1926 861 1984 ut
885 1919 993 1984 Cicero
1016 1943 1141 2003 sperare
1164 1925 1278 2004 posset,

216 2022 283 2064 rem
306 2025 378 2066 cum
403 2001 546 2067 Antonio
570 2010 798 2090 conventuram
814 2029 887 2072 esse,
922 2007 1050 2070 Minime
1067 2009 1123 2070 1111
1137 2014 1277 2091 tempore

216 2088 249 2153 id
285 2092 414 2176 agebat,
448 2097 485 2154 ut
507 2089 684 2155 Antonium
719 2093 865 2161 laederet.
913 2091 1068 2168 Quocirca
1102 2095 1276 2159 orationem

217 2177 430 2264 Philippicam
453 2181 589 2264 primam
612 2182 810 2248 continenter
833 2190 865 2249 ct
888 2191 990 2249 caute
1005 2183 1102 2264 dixit;
1130 2185 1278 2270 probavit

218 2267 505 2352 comprobationem
529 2268 673 2334 Caesaris
704 2277 861 2351 actorum;
893 2274 1071 2357 postulavit
1098 2281 1214 2354 autem,
1240 2279 1277 2337 ut

215 2363 282 2420 sine
294 2355 404 2420 fraude
416 2363 571 2442 ageretur.
594 2355 657 2420 Sed
675 2357 857 2437 Antonium,
871 2363 925 2442 qui
936 2362 1001 2422 iam
1014 2365 1108 2422 antea
1132 2360 1276 2424 Ciceroni

215 2449 433 2524 succensebat,
464 2465 535 2508 cum
567 2442 750 2509 Ciceronem
781 2447 1002 2510 commercium
1026 2469 1097 2511 cum
1121 2449 1221 2514 Bruto
1245 2454 1277 2513 et

215 2531 322 2597 Cassio
360 2533 456 2597 etiarn
492 2532 703 2600 Octavianum
735 2535 769 2597 in
799 2555 860 2598 usu
890 2535 1006 2599 habere
1037 2538 1148 2602 scriret
1180 2544 1277 2622 atque

215 2622 349 2686 fortasse
372 2643 392 2685 a
414 2621 530 2688 Fulvia
552 2645 651 2688 uxore
674 2645 799 2708 quoque
821 2624 974 2688 incitatus
998 2631 1093 2707 esset,
1116 2625 1276 2692 Ciceronis

215 2710 316 2774 oratio
339 2711 416 2776 adeo
440 2711 620 2794 offenderat,
644 2719 730 2777 uta.
755 2712 782 2777 d.
805 2713 897 2777 XIH.
921 2712 987 2780 Cal.
1011 2716 1082 2782 Oct.
1106 2718 1139 2779 in
1163 2721 1275 2778 senatu

215 2801 295 2863 iram
315 2823 505 2888 magnopere
517 2805 683 2896 evomeret,
707 2824 803 2887 quam
826 2803 867 2866 ob
881 2825 947 2867 rem
960 2801 1068 2867 Cicero
1091 2822 1273 2887 persuasum

217 2889 338 2974 habuit,
361 2911 427 2954 rem
443 2910 516 2954 cum
529 2889 672 2955 Antonio
694 2914 759 2954 non
775 2897 1001 2957 conventuram
1014 2894 1112 2975 atque
1123 2912 1156 2954 se
1168 2891 1275 2974 ipsum

214 2979 249 3040 in
271 2979 449 3062 periculum
472 2981 557 3043 ritae
580 2978 754 3044 adductum
778 3001 852 3045 1111.
885 2978 983 3054 Quae
998 3001 1071 3044 111111
1094 2981 1141 3044 ita
1165 2984 1275 3058 essent,

215 3065 325 3131 Cicero
336 3065 370 3130 id
384 3067 539 3154 agendum
558 3089 625 3132 esse
644 3068 781 3145 videbat,
806 3076 844 3133 ut
854 3067 1017 3135 Antonius
1039 3069 1275 3156 opprimeretur,

214 3155 303 3220 nullo
326 3161 419 3240 pacto
442 3179 516 3222 vero
540 3157 714 3222 ambitione
738 3157 780 3222 ad
809 3180 878 3223 eam
902 3160 1082 3243 opinionem
1104 3156 1275 3242 perductus

216 3251 293 3310 erat.

281 3335 415 3399 Prorsus
439 3334 644 3400 contunditur
668 3335 834 3422 descriptio
862 3340 1040 3418 temporum
1059 3333 1171 3414 verbis,
1195 3357 1275 3420 quae

214 3425 365 3510 leguntur
381 3423 398 3506 ἕ
412 3427 446 3489 5:
473 3423 581 3505 „Licet
605 3446 678 3511 ergo
698 3429 821 3512 patrem
842 3422 978 3510 appellet
987 3423 1141 3488 Octavius
1154 3421 1273 3488 Cicero-

214 3536 295 3594 nem,
319 3513 435 3579 referat
448 3516 562 3594 omnia,
585 3514 703 3596 laudet,
727 3514 844 3600 gratias
860 3517 944 3598 agat,
959 3517 1066 3576 tamen
1081 3511 1162 3576 iilud
1181 3535 1273 3598 appa-

214 3604 303 3684 rebit,
325 3603 421 3667 verba
436 3609 528 3667 rebus
544 3625 610 3667 esse
623 3605 797 3681 contraria3
822 3600 898 3687 quid
910 3601 993 3664 enim
1005 3607 1072 3666 tam
1085 3602 1221 3666 alenium
1234 3601 1274 3666 ab

215 3691 359 3759 humanis
382 3693 526 3756 sensibus
549 3696 611 3772 est,
635 3714 728 3776 quam
752 3714 823 3756 eum
846 3692 947 3777 patris
970 3690 1038 3756 loco
1060 3691 1188 3771 habere,
1218 3697 1273 3774 qui

215 3801 255 3843 ne
277 3780 370 3844 liberi
393 3780 521 3865 quidem
543 3781 681 3845 hominis
704 3803 835 3846 numero
858 3780 942 3845 1111ιι

304 4006 324 4076 ¹)
344 4000 487 4064 Drumann
506 4008 528 4073 Ι,
548 4007 608 4064 135.
645 4009 682 4062 ad
700 4008 761 4064 Att.
782 4007 824 4079 lt,
842 4007 867 4063 5.
887 4009 912 4064 6.
931 4005 956 4064 7.
