2782 4458
594 197 810 260 ..30-

169 365 315 433 Ciceroni
338 370 463 436 crimini
486 371 626 437 dandum
650 393 725 454 esse,
748 373 803 439 scd
826 375 923 441 etiam
941 381 1059 444 ceteris
1084 383 1229 448 omnibus

127 533 128 542 ἵ
168 460 262 540 atque
293 457 325 520 id
356 457 459 544 ipsum
483 458 647 526 Caesarem
675 462 855 548 impulisse,
886 469 923 529 ut
944 488 1078 553 regnum
1101 476 1228 556 peteret.

168 544 272 610 Verba
306 547 384 612 haec
418 553 506 613 sunt:
542 551 634 636 epist.
673 551 687 614 1
715 551 743 632 6,
775 551 811 615 3:
849 555 985 634 „vindici
1019 559 1145 644 quidem
1186 562 1229 625 al-

166 634 257 699 ienae
291 635 531 715 dominationis‚
571 661 635 705 non
671 641 803 720 vicario,
837 636 945 728 ecquis
980 649 1156 734 supplicat,
1192 653 1229 714 ut

167 725 287 808 optime
328 726 448 790 meritis
487 725 526 792 de
563 729 722 814 republica
756 730 853 794 liceat
888 753 956 798 esse
995 737 1117 801 salvis?
1161 738 1228 804 Ista

166 833 240 876 vero
271 812 475 879 imbecillitas
502 820 535 881 et
557 816 752 902 desperatio.
788 819 878 884 cuius
910 822 1003 908 culpa
1031 848 1094 890 uon
1124 834 1226 914 magis

166 901 201 964 in
232 906 264 965 te
297 901 427 983 residet,
458 927 551 989 quam
583 906 616 968 in
645 908 792 972 omnibus
823 908 912 989 aliis,
935 918 966 975 et
994 911 1163 978 Caesarem
1192 917 1226 979 in

166 989 376 1075 cupiditatem
406 995 495 1080 regni
520 996 658 1080 impulit
687 999 766 1063 etc.“
813 996 901 1071 Quae
935 997 1079 1064 Ciceroni
1113 1005 1141 1067 is
1176 1027 1227 1069 ex-

165 1079 314 1162 probrare
345 1081 455 1163 ardet,
490 1086 545 1168 qui
579 1090 652 1170 post
685 1108 827 1172 pugnam
852 1087 1067 1153 Pharsalicam
1098 1089 1227 1156 Caesari

166 1168 299 1253 scripsit
327 1176 365 1235 ut
386 1172 447 1249 ipsi
478 1174 604 1238 veniam
631 1172 773 1260 daret¹)1
807 1177 862 1261 qui
889 1198 971 1242 anno
1000 1179 1050 1244 47.
1096 1178 1222 1245 Caesari

157 1256 292 1323 'obviam
326 1260 487 1343 profectus
525 1267 589 1343 est,
626 1262 703 1350 quin
742 1265 839 1329 etiam
875 1264 1020 1334 Ciceroni
1055 1269 1223 1355 epistulam

165 1346 269 1426 misit,
301 1349 335 1414 in
369 1371 433 1433 qua
467 1350 504 1415 de
538 1352 656 1416 amissa
685 1353 834 1418 libertate
861 1375 934 1418 eum
964 1355 1228 1441 consolaretur21,

165 1457 258 1519 quem
293 1439 436 1520 quamvis
470 1440 612 1506 nondum
646 1447 772 1526 praetor
803 1442 928 1521 fuisset,
959 1443 1075 1508 Caesar
1101 1445 1228 1510 Galliae

165 1525 339 1610 cisalpinae
374 1530 555 1612 provinciae
588 1526 781 1616 praefecit3).
821 1551 915 1614 quem
950 1553 1014 1594 non
1045 1531 1165 1616 puduit
1194 1533 1227 1596 id

164 1635 281 1678 munus
312 1619 492 1696 suscipere„
521 1620 618 1685 Nullo
641 1624 735 1705 pacto
757 1619 876 1684 Brutus
900 1619 1091 1686 iudicavisse
1113 1627 1232 1706 potest·

164 1703 361 1770 orationibus
377 1709 647 1774 commendaticiis
664 1715 761 1794 atque
778 1710 925 1795 precibus
948 1716 1139 1774 commotum
1153 1709 1227 1775 Cae·

163 1813 265 1857 sarem
288 1793 330 1857 ad
351 1817 483 1883 regnum
506 1797 674 1876 petendum
698 1801 874 1884 impulsum
898 1820 973 1864 esse.
1012 1799 1120 1884 Neque
1141 1800 1225 1864 enim

163 1882 222 1946 illo
252 1883 379 1969 quidem
412 1893 551 1972 tempore
583 1892 750 1973 tantopere
773 1887 901 1953 Caesari
932 1887 1095 1952 diffidebat
1126 1909 1226 1970 neque

163 1972 312 2056 putabat,
334 1996 402 2040 sese
424 1982 534 2040 contra
556 1996 621 2038 rem
645 1976 806 2058 publicam
830 1996 931 2060 agere,
954 1979 982 2038 si
1006 1975 1134 2038 Caesari
1157 1996 1226 2059 gra-

162 2061 225 2126 tias
248 2068 369 2148 ageret3
401 2065 495 2128 immo
524 2084 598 2126 vero
622 2063 719 2127 etiarn
742 2063 825 2126 bello
853 2062 1060 2146 Hispaniensi
1083 2063 1226 2127 confecto

163 2147 276 2216 Attico
292 2153 426 2237 scripsit
447 2151 611 2218 Caesarem
628 2171 695 2215 sese
706 2150 934 2236 adjuncturum
950 2171 1017 2215 esse
1033 2152 1227 2236 optimatum

163 2239 346 2324 partibus⁴).·
391 2239 498 2326 Atque
532 2239 565 2307 C.
598 2238 709 2306 Cassic
744 2242 831 2306 omni
869 2240 1071 2304 contentione
1110 2241 1227 2305 virium

32 2379 36 2384 .
163 2329 347 2394 enitendum
371 2336 446 2410 erat
469 2337 508 2394 ut
529 2331 666 2394 Brutum
683 2329 721 2395 de
737 2331 896 2394 sententia
911 2328 1099 2393 demoveret.
1134 2326 1227 2402 Quod

163 2424 200 2482 ut
227 2418 296 2482 fieri
317 2425 431 2504 posset,
466 2418 611 2484 Caesaris
634 2418 897 2483 obtrectatoribus
921 2439 999 2502 opus
1023 2423 1092 2481 erat
1115 2417 1227 2482 diluci-

163 2506 235 2571 dius
269 2506 498 2588 demonstrare,
527 2530 560 2572 re
593 2531 668 2572 vera
697 2506 862 2573 Caesarem
885 2527 905 2570 a
928 2507 1103 2571 communis
1137 2508 1227 2572 liber·

164 2596 242 2662 tatis
273 2595 378 2660 studio
409 2597 580 2663 abhorrere.
625 2597 741 2662 Itidem
768 2598 904 2661 Brutum
928 2596 1119 2660 iudicavisse
1142 2599 1224 2682 cogi-

163 2686 227 2750 tari
250 2707 313 2749 non
337 2690 449 2769 potest
471 2686 635 2752 blanditiis
658 2688 832 2753 vernilibus
846 2684 975 2752 Caesari
997 2686 1114 2750 oblatis
1125 2684 1223 2750 Anto-

163 2773 251 2838 nium
284 2772 326 2838 ad
354 2795 486 2861 regnum
517 2776 688 2862 petendum
719 2777 892 2862 impulsum
923 2796 997 2840 esse.
1044 2773 1108 2840 Cur
1138 2774 1220 2862 enim

163 2863 283 2928 Brutus
310 2863 511 2948 potissimum
542 2863 721 2930 Antonium
753 2864 889 2929 interfici
911 2864 1038 2928 noluit?
1084 2864 1222 2928 Putabat

164 2953 247 3018 enim
283 2950 463 3018 Antonium
497 2954 605 3039 legum
640 2975 769 3038 prorsus
804 2953 1116 3021 observantissimum
1149 2952 1223 3016 lore.

163 3040 273 3125 Atque
297 3064 330 3106 re
353 3065 436 3123 vera,
458 3048 496 3106 ut
519 3043 616 3106 etiam
632 3045 782 3128 majorem
801 3063 898 3128 quam
910 3039 1027 3107 Caesar
1043 3042 1223 3114 obtinuerat

163 3136 340 3216 potentiam
364 3139 396 3197 et
419 3133 642 3197 auctoritatem
665 3136 914 3216 consequeretur,
937 3153 973 3196 eo
987 3130 1069 3215 quod
1081 3127 1224 3192 Caesaris

163 3221 416 3287 interfectionem
444 3221 588 3306 sequitur
617 3226 759 3306 tempore
788 3241 821 3284 se
851 3220 958 3306 legum
988 3214 1223 3282 observantissi-

164 3331 250 3374 mum
274 3332 342 3376 esse
365 3313 538 3376 simulavit.

252 3400 405 3466 Perversa
438 3406 534 3485 atque
572 3400 710 3487 insipida
743 3406 835 3478 sunt,
870 3417 949 3480 quae
979 3394 1131 3478 leguntur
1159 3393 1176 3476 ξ
1206 3394 1225 3457 4

164 3488 395 3574 (epistulaelbt
407 3488 517 3570 „Quod
526 3496 632 3555 autem
640 3487 929 3555 tibicumAntonio
937 3483 1089 3568 privatim
1097 3482 1225 3548 odiunt

163 3599 276 3664 nempe
299 3579 376 3663 quia
399 3579 587 3665 postulabat
608 3579 705 3656 haec,
732 3577 869 3644 salutem
892 3573 933 3638 ab
956 3595 989 3638 se
1011 3575 1093 3658 peti,
1122 3593 1226 3659 preca-

256 3861 276 3934 ¹)
294 3864 370 3920 Plut.
392 3865 471 3921 Brut.
490 3866 515 3919 6.
554 3860 632 3918 Caes.
652 3860 696 3915 46.
716 3861 758 3916 54.

233 3963 234 3970 ’
258 3951 279 4024 ²)
298 3953 354 4010 Cic.
375 3954 452 4008 Brut.
472 3953 498 4006 3.

225 4058 227 4068 “
255 4041 371 4113 ⁸)P1ua.
396 4043 416 4098 1.
435 4060 458 4097 c.
478 4040 535 4096 Cic.
555 4041 634 4097 Brut.
653 4039 696 4095 46.
724 4039 760 4094 ad
779 4039 849 4094 Jam.
869 4038 895 4102 6,
914 4036 940 4090 6.
964 4034 1096 4102 thiale,
1117 4032 1227 4090 10-14·

255 4129 537 4203 emmam
