2782 4458
592 105 888 214 -14-¹

167 340 242 401 essa,
265 318 312 384 ita
334 327 458 386 utnon
482 344 561 410 opus
584 329 669 390 esset
691 325 812 393 auxilio
836 326 1014 394 Octaviani
1048 330 1235 398 Putaverim

168 408 271 492 igitur
293 410 487 476 vocabulum
509 413 611 492 „otio‘
633 436 673 479 ex
695 415 900 483 substantivo
923 420 1160 498 „cunomtionel
1183 421 1235 486 vel

167 499 349 576 „cautione“
372 499 560 566 mutilatum
582 525 657 569 csse.
704 503 799 579 Quod
821 507 850 570 si
873 508 1050 589 statuimus,
1072 508 1117 589 fit,
1139 511 1234 574 utin

167 588 327 652 sententia
349 588 512 654 recondita
535 593 735 676 reprehensio
759 592 913 677 quaedam
942 596 1036 676 insit,
1069 597 1110 662 ad
1137 619 1233 681 quam

166 675 281 740 melius
309 675 472 744 Ciceronis
501 685 614 745 verba·
627 682 733 761 „credo
764 684 812 746 ita
845 681 905 746 tibi
937 684 1056 749 videri“
1081 687 1235 765 quadrant

167 785 263 848 quam
286 765 327 829 ad
349 766 476 832 laudem
500 769 640 854 aliquam
664 768 810 870 Ciceroni
832 770 995 835 tributam.
1020 809 1062 818 -

183 903 389 1060 'El‘sstlnl’
422 905 483 990 10,
517 913 557 978 42
591 913 760 997 „nulloque
792 911 947 999 praesidio
983 895 1136 992 quatefeci
1167 916 1233 981 An-

311 999 446 1065 cnrum“.
660 1049 664 1068 t

254 1119 398 1187 Verbum
416 1126 644 1208 „quatefacerel
661 1127 745 1211 quod
768 1128 849 1192 alias
872 1126 957 1214 apud
979 1127 1104 1192 nullum
1125 1126 1232 1192 latini-

166 1208 246 1273 tatis
269 1211 454 1296 scriptorem
478 1213 605 1297 legitur,
629 1216 840 1298 epistularum
864 1219 1092 1282 obtrectatores
1107 1239 1232 1302 prorsus

166 1298 411 1383 exagitaverunt
448 1305 542 1384 atque
576 1300 647 1365 ideo
683 1304 860 1366 certissima
905 1306 1028 1368 falsarii
1070 1306 1235 1370 cuiusdam

165 1387 302 1472 vestigia
313 1385 373 1452 hoc
388 1388 458 1453 loco
471 1388 662 1475 deprehendi
674 1395 879 1474 putaverunt.
910 1392 1109 1457 Erraverunt
1128 1401 1233 1459 autem

165 1480 349 1560 propterea,
384 1482 423 1542 nt
458 1478 569 1543 statim
599 1477 714 1560 dicam,
748 1480 782 1543 in
806 1502 870 1564 quo
894 1479 987 1544 cardo
1011 1482 1058 1544 rei
1079 1486 1234 1562 vertatur,

165 1563 497 1649 quodomninonimis
517 1570 666 1655 augustis
689 1569 806 1633 finibus
829 1569 889 1634 hoc
911 1591 1011 1655 genus
1034 1570 1234 1635 formationis

164 1654 332 1719 verborum
370 1676 441 1721 cum
477 1657 580 1723 facere
618 1659 865 1744 compositorum
909 1657 1236 1745 circumscripserunt.

165 1744 355 1830 Nuperrime
384 1747 469 1809 enim
493 1745 653 1813 Deeckius
676 1747 794 1812 eximia
824 1748 1088 1812 commentatione
1111 1749 1236 1814 demon-

165 1833 319 1914 stravit¹)‚
353 1835 456 1899 multo
487 1835 585 1902 latius
616 1838 676 1901 hoc
704 1858 805 1922 genus
835 1838 1033 1902 formationis
1063 1843 1172 1922 patere
1202 1844 1235 1903 et

164 1925 352 2008 praesertim
375 1925 409 1987 in
433 1946 576 1990 sermone
600 1925 787 2011 quotidiano
804 1932 836 1990 et
851 1926 974 2011 plebeio
986 1926 1231 1989 usitatissimum

166 2017 198 2077 et
228 2013 368 2077 maxime
398 2012 511 2078 tritum
544 2015 649 2080 fuisse.
694 2014 902 2080 Marklandus
933 2019 1041 2078 autem
1063 2035 1105 2077 ne
1127 2015 1232 2077 analo-

164 2101 252 2187 giam
282 2101 474 2178 probabilem
504 2103 628 2188 quidem
651 2110 826 2190 agnoverat
837 2104 871 2185 ²),
907 2102 990 2188 quod
1013 2103 1074 2166 alia
1096 2103 1233 2166 eiusdem

164 2190 291 2275 generis
314 2194 502 2276 composita,
532 2215 614 2278 quae
644 2215 664 2257 a
694 2195 874 2259 transitivis
898 2193 1130 2274 derivarentur,
1161 2213 1234 2256 cum

164 2280 451 2364 praepositionibus
475 2284 906 2359 tantumiunctaexstarent,
930 2282 1034 2346 velut:
1059 2303 1233 2345 commone-

165 2369 283 2450 facere,
318 2370 572 2444 condocefaoere,
608 2372 859 2457 perterrefacere.
903 2371 1133 2434 Verumtamen
1157 2368 1234 2453 quid

165 2457 261 2522 facies
292 2479 364 2522 cum
395 2460 490 2525 verbo
523 2461 750 2542 „torrefacere²‘‚
781 2459 864 2544 quod
886 2459 1006 2544 legitur
1029 2457 1115 2542 apud
1138 2457 1233 2523 Oolu·

165 2544 347 2629 mellam³)?
393 2547 561 2636 Zumptius
585 2572 710 2636 quoque
734 2549 940 2614 contenderat
948 2546 991 2628 ⁴),
1018 2549 1082 2612 tria
1105 2553 1233 2612 tantum

165 2640 259 2701 verba
282 2658 355 2701 cum
369 2638 471 2704 facere
483 2641 667 2726 composita,
691 2661 773 2724 quae
785 2661 804 2702 a
816 2637 996 2702 transitivis
1012 2636 1232 2701 derivarentur

166 2731 198 2790 et
222 2725 378 2792 secundae
400 2729 634 2814 coniugationis
657 2733 770 2807 essent,
793 2734 934 2793 exstare:
958 2723 1230 2802 commonefacere,

165 2813 417 2895 condocefaoere‚
444 2817 696 2900 perterrefacere.
746 2816 914 2882 Praeterea
949 2819 1056 2877 autem
1086 2814 1231 2889 exstant3

166 2903 362 2968 allioefacere
375 2900 411 2984 ⁵),
435 2903 673 2970 admonefacere
686 2903 718 2986 6),
742 2900 976 2983 abolefacere⁷)‚
997 2900 1187 2966 terrefacere
1196 2896 1231 2982 ⁸).

165 2991 274 3056 Verba
295 2997 406 3057 autem
428 3014 501 3057 cum
524 2993 627 3059 facere
658 2997 848 3082 composita,
882 3014 963 3078 quae
994 2991 1131 3054 aliarum
1162 3010 1233 3053 con·

165 3081 366 3168 iugationum
389 3088 502 3164 essent,
525 3084 589 3148 tria
608 3090 738 3162 tantum
758 3085 798 3148 ab
810 3084 993 3148 Hermanno
1006 3077 1033 3162 9)
1056 3080 1156 3144 citata
1169 3077 1235 3161 legi
1275 3118 1280 3126 -

165 3169 337 3256 Zumptius
358 3169 618 3255 iudicaverat¹⁰):
641 3175 819 3254 labefacere,
843 3170 1098 3259 expergefacere,
1121 3169 1234 3230 treme-

165 3304 380 3315 -ι--ι-α--ὴ-ι

256 3364 276 3433 ¹)
295 3365 398 3420 Facere
417 3367 475 3421 und
494 3367 566 3423 flieri
585 3368 615 3422 in
635 3368 710 3422 ihrer
720 3362 913 3434 Composition
932 3359 986 3414 mit
1003 3358 1110 3414 andern
1121 3356 1233 3412 Verbis.

166 3436 333 3537 Strasspurg
366 3435 444 3492 1873.

255 3507 277 3646 ³l
295 3509 642 3645 gebalilrdi'all‘bm.
661 3580 687 3640 a,
706 3577 748 3658 ar.
786 3576 882 3658 rurs
903 3577 932 3630 aa
952 3571 994 3628 57.

255 3649 279 3718 ⁸)
296 3651 426 3706 Berliner
443 3649 619 3706 Jahrbiicher
636 3651 683 3704 fiir
700 3665 775 3703 viss.
794 3647 890 3702 Kritrk
914 3644 988 3701 1845.
1007 3663 1056 3716 pg.
1076 3641 1136 3696 733.

256 3722 278 3791 ⁶)
297 3722 394 3779 Sanco.
414 3737 480 3792 app.
501 3721 561 3787 118,
579 3721 606 3776 8.

257 3794 278 3860 ⁶)
297 3793 327 3848 in
345 3796 406 3850 cod.
424 3792 609 3850 Ambrosiano
628 3791 685 3849 Cic.
704 3809 754 3862 pro
772 3790 870 3846 Plano.
889 3788 932 3843 34.

257 3862 279 3932 ⁷)
298 3865 419 3920 Tertull.
438 3865 515 3934 apol.
536 3864 579 3920 35.

257 3933 280 4003 ⁸)
299 3935 407 3991 (tolum.
429 3934 454 4000 6,
475 3933 501 3991 7.

247 4005 280 4150 id}
297 4004 436 4133 {lpimcta
455 4021 506 4076 pg.
525 4006 569 4062 21.

310 4115 318 4134 0
338 4096 361 4134 00
