2782 4458
210 877 212 882 .
313 739 600 868 sonorosus
630 785 769 865 errae
798 787 848 866 ee
875 787 968 866 aaa
994 799 1093 864 sua:

257 1107 360 1172 Natus
391 1128 465 1170 sum
491 1104 663 1193 Georgius,
692 1105 888 1186 Ludovious,
919 1103 1111 1188 Rudolphus
1133 1103 1237 1168 Heine

163 1217 253 1260 anno
275 1192 471 1260 MDOOCLI
501 1194 552 1260 die
581 1195 623 1261 30
645 1196 763 1261 mensis
787 1193 880 1258 Mart.
902 1193 1118 1276 Brunsvigae,
1145 1199 1237 1276 patre

171 1283 269 1362 Julio,
292 1288 394 1346 matre
415 1282 593 1364 Ludovioa,
617 1307 635 1350 e
656 1290 753 1370 gente
774 1282 995 1348 Strahliorum.
1041 1280 1237 1367 Christianis

170 1392 250 1456 quas
282 1370 394 1436 dieunt
425 1373 614 1458 evangelicis
645 1372 823 1457 adscriptus
853 1373 1090 1453 institutusque
1107 1392 1179 1434 sum
1202 1371 1237 1432 in

168 1460 368 1546 Brunsvigae
386 1459 475 1526 urbis
487 1463 664 1546 gymnasio.
699 1459 795 1525 Anno
806 1458 1086 1526 MDCOOLXXH
1104 1460 1236 1522 maturi-

169 1549 248 1612 tatis
271 1550 493 1613 testimonium
517 1549 650 1634 adeptus
666 1547 858 1632 Gottingam
873 1569 921 1611 me
936 1548 1065 1626 contuli,
1089 1552 1127 1610 ut
1146 1548 1236 1610 iuris-

169 1635 356 1720 prndentiae
378 1636 546 1700 studerem.
591 1635 654 1700 Sed
676 1636 742 1699 iam
761 1637 864 1721 primo
880 1636 1026 1700 semestri
1043 1635 1164 1698 faotum
1180 1641 1237 1714 est,

168 1728 253 1787 uteo
265 1723 399 1788 oonsilio
422 1724 547 1788 abieoto
569 1723 766 1808 philologiae
788 1745 836 1787 me
858 1723 1024 1787 traderem.
1059 1721 1237 1807 Gottingae

169 1814 276 1876 sutem
307 1810 416 1875 andivi
450 1811 640 1876 disserentes
662 1810 855 1897 Sanppium,
886 1810 919 1877 C.
943 1811 1237 1890 Waohsmuthium,

167 1898 206 1964 de
239 1899 463 1980 Leutsohium,
493 1900 741 1980 Baumannium,
775 1901 937 1979 Lotzium,
974 1897 1236 1980 ardeolarum,

169 1993 268 2072 atque
301 2010 357 2074 per
384 2011 440 2053 sex
474 2010 598 2053 menses
626 1991 662 2054 in
691 1989 914 2075 proseminarii
936 1986 1122 2072 philologici
1146 1987 1237 2052 sodu·

167 2075 277 2141 litium
305 2084 451 2162 receptus
482 2099 576 2143 eram.
622 2077 685 2142 'Per
716 2100 772 2143 sex
799 2099 923 2142 menses
953 2098 1026 2141 oum
1059 2074 1236 2160 Gottingae

168 2163 324 2248 degissem
352 2164 498 2249 Lipsiam
527 2166 680 2250 migravi,
696 2173 699 2177 ’
714 2167 772 2231 ubi
801 2189 857 2250 per
888 2172 1001 2250 quater
1034 2187 1091 2229 sex
1113 2186 1236 2228 menses

168 2251 276 2314 audivi
310 2250 498 2318 disserentes
532 2252 709 2339 Langium,
743 2254 973 2328 Ritsohelium,
1009 2254 1046 2318 G.
1078 2253 1235 2334 Curtium,

168 2339 346 2426 Voigtium,
377 2340 614 2418 Eoksteinium,
639 2340 848 2420 Ahrensium,
873 2342 1105 2411 Overbeohium
1127 2341 1236 2406 simul·

167 2449 229 2510 que
261 2450 317 2512 per
351 2430 516 2495 biennium
551 2431 655 2495 sooius
690 2431 754 2496 ord.
786 2432 834 2496 fui
852 2432 1027 2496 societatis
1054 2431 1236 2517 philologos

167 2514 407 2582 Ritsohelianae
428 2524 462 2582 et
484 2542 540 2603 per
562 2541 681 2583 annum
705 2520 870 2585 societatis
881 2520 1067 2605 Langianae
1090 2540 1148 2584 neo
1171 2542 1236 2584 non
1310 2583 1317 2586 .

167 2604 300 2668 intertui
328 2626 385 2688 per
415 2626 535 2669 annum
566 2606 682 2670 scholis
713 2609 748 2670 in
779 2610 1006 2686 proseminario
1041 2608 1233 2693 philologioo

169 2691 287 2777 Langii
310 2693 461 2777 auspiciis
483 2693 611 2758 habitis.
656 2693 780 2770 Quibus
808 2696 886 2760 viris
915 2696 1061 2762 omnibus
1087 2696 1235 2760 doetissi-

166 2782 238 2857 mis,
262 2781 514 2862 humanissimis,
545 2788 599 2866 qui
622 2782 660 2846 de
682 2783 797 2849 studiis
820 2783 899 2848 meis
921 2784 1130 2849 benemeriti
1153 2790 1235 2865 sunt,

168 2877 264 2952 atque
293 2870 441 2955 inprimis
460 2872 589 2957 'Langio
612 2876 645 2935 et
667 2872 862 2950 Ritsohelio,
893 2873 997 2938 faeere
1018 2895 1082 2938 non
1106 2894 1235 2958 possum

170 2958 249 3041 quin
260 2960 383 3043 gratim
395 2981 488 3045 agam
500 2961 657 3025 maximas
669 2962 896 3047 affirmemque,
918 2983 1028 3028 eorum
1049 2962 1236 3026 memoriam

168 3043 254 3130 apud
276 3067 327 3110 me
349 3047 415 3111 fore
438 3051 673 3135 sempiternam.
