2782 4458
573 191 790 253 ...15ss

147 375 258 438 facere.
295 367 516 434 Confitendum
535 365 661 450 quidem
681 371 737 445 est,
761 365 848 450 prius
865 364 1076 448 plurimarum
1098 362 1213 427 harum

148 461 414 547 compositionum
444 460 617 520 membrum
645 475 712 518 esse
735 453 865 518 verbum
888 450 1044 516 secundae
1066 453 1213 538 coniuga
1253 505 1255 512 .
1375 367 1378 546 l

148 552 257 616 tionis.
302 547 366 612 Sed
394 545 554 610 Deeckius
586 544 683 608 etiam
714 543 818 606 multa
847 543 1022 625 composita
1045 546 1220 621 enumerat,

150 661 282 726 quorum
320 637 405 723 prior
439 657 512 721 pars
546 633 677 699 verbum
706 633 828 717 primae
859 631 912 696 vel
933 631 1049 694 tertiae
1071 631 1220 716 coniuga-

150 730 248 794 tionis
271 731 327 790 est.
361 726 553 809 Plerumque
569 721 696 808 quidem
719 727 881 806 praeterea
908 719 1219 785 verbumsecundae

151 815 385 903 coniugationis
401 816 562 879 exstitisse
578 811 785 877 statuendum
802 831 870 874 esse
881 809 1121 891 demonstrat¹).
1144 808 1219 874 Jam

152 911 315 994 praeterea
348 904 411 969 duo
434 905 532 968 verba
562 903 704 966 exstant:
739 895 1011 978 incendefaeere²)
1045 900 1079 962 et
1113 903 1220 982 quate

152 992 284 1076 faeere3)
318 1017 399 1080 quae
434 989 669 1056 concedendum
703 987 829 1072 quidem
860 993 908 1051 est
938 1009 1066 1072 prorsus
1088 987 1219 1060 ¹nullam

152 1086 284 1151 verbum
307 1080 464 1148 secundae
487 1078 721 1164 coniugationis
744 1075 907 1139 statuendi
929 1097 1037 1140 ansam
1065 1077 1221 1159 praebere,

153 1180 270 1252 tamen,
292 1195 367 1236 cum
390 1167 564 1232 tenendum
587 1168 644 1240 sit,
677 1165 764 1229 siout
787 1167 851 1228 iam
874 1164 1069 1251 supradixi,
1092 1166 1220 1228 omnino

153 1265 237 1326 hanc
260 1260 483 1323 formationem
507 1257 755 1341 compositorum
778 1259 943 1318 verborum
959 1254 1222 1319 ussitatissimam

155 1351 255 1413 fuisse
286 1353 381 1431 atque
412 1347 509 1410 etiam
539 1345 625 1430 apud
655 1343 837 1408 Ciceronem
866 1343 953 1408 haud
981 1364 1100 1430 paucas
1126 1344 1221 1408 huius

153 1439 277 1524 generis
309 1437 426 1500 formas
454 1437 531 1520 legi,
562 1435 715 1498 facillime
742 1433 910 1520 analogiae
934 1433 1073 1518 quadum
1095 1435 1129 1497 ri
1152 1433 1222 1497 fieri

104 1523 107 1528 ’
153 1528 269 1614 potuit,
291 1532 329 1590 ut
350 1524 523 1610 aliquando
546 1526 643 1588 etiam
659 1521 842 1587 adverbum
857 1525 972 1588 tertiae
984 1525 1221 1609 coniugationis

153 1639 192 1682 ea
214 1617 362 1680 formatio
390 1615 610 1691 adhiberetur,
638 1611 733 1695 idque
756 1611 815 1675 hoc
839 1613 909 1674 loeo
932 1610 1001 1676 ideo
1024 1612 1221 1696 probabilius

153 1707 204 1786 fit,
235 1704 322 1788 quod
343 1705 412 1767 sine
442 1702 539 1766 dubio
565 1699 675 1765 Cicero
706 1699 937 1763 validissimam
969 1701 1222 1765 enuntiationem

153 1795 262 1880 petiit,
283 1815 317 1856 re
348 1796 457 1855 autem
481 1812 556 1855 vera
580 1811 617 1853 ea
640 1789 886 1873 compositorum
908 1789 1056 1854 formatio
1078 1811 1222 1853 nonnun-

154 1904 251 1969 quam
274 1879 515 1966 adaugendam
539 1884 702 1943 notionem
724 1875 937 1962 usurpatur4)
982 1875 1153 1960 Quocirca,
1185 1883 1223 1944 ut

154 1974 310 2051 omittam,
334 1970 500 2034 falsarium
523 1968 659 2054 quidem,
683 1968 740 2052 qui
760 1967 841 2031 alias
857 1967 1008 2032 sermonis
1022 1965 1223 2032 ciceroniani

154 2061 383 2140 peritissimum
413 2081 480 2124 sese
509 2057 713 2137 ostendisset,
743 2060 829 2122 certe
860 2057 919 2121 hoc
943 2079 1067 2142 quoque
1091 2056 1223 2122 verbum

153 2153 332 2214 vitaturum
355 2150 470 2228 fuisse,
497 2149 557 2211 hoc
581 2151 667 2211 certe
690 2167 729 2210 ex
752 2147 793 2210 iis
816 2167 898 2230 quae
921 2145 1061 2211 diximus
1085 2144 1222 2210 dilucide

132 2266 136 2278 ⁴
155 2242 298 2324 apparet,
327 2237 388 2300 hoe
419 2236 552 2300 verbum
575 2235 616 2299 ad
639 2233 885 2299 demonstranda
908 2235 1032 2300 falsarii
1055 2234 1223 2301 cuiusdam

153 2327 291 2412 vestigia
313 2324 396 2388 nihil
417 2325 524 2390 valere
548 2346 645 2402 posse.

243 2416 312 2480 Hoc
342 2415 411 2479 loco
442 2414 607 2479 occasione
637 2412 714 2478 data
741 2413 844 2478 facere
874 2437 939 2478 non
967 2437 1111 2500 possum,
1146 2414 1223 2500 quin

154 2505 309 2568 nonnulla
340 2504 445 2567 dicam
469 2503 507 2567 de
529 2505 656 2567 minuta
680 2508 712 2567 et
735 2508 876 2589 angusta
897 2505 1038 2584 ratione,
1061 2524 1124 2588 qua
1146 2525 1222 2566 non-

153 2592 237 2654 nulli
258 2593 321 2655 viri
351 2590 436 2653 docti
463 2592 643 2674 (inprimis
666 2589 767 2675 Angli
790 2596 823 2654 et
845 2591 1027 2677 Zumptius)
1056 2591 1097 2656 ad
1119 2613 1223 2658 recen·

153 2679 285 2744 sendam
316 2678 430 2740 harum
461 2677 670 2761 epistularum
693 2678 891 2741 latinitatem
921 2683 1131 2745 accesserunt.
1177 2679 1224 2745 Ut

114 2831 117 2840 ,
153 2768 308 2847 praeclari
337 2766 425 2830 iliius
447 2764 605 2852 Madvigii
627 2765 731 2830 verbis
755 2769 844 2843 utar,
875 2767 911 2830 in
940 2769 1088 2847 ,natione
1117 2789 1223 2846 super

155 2859 352 2937 stitiosorum
375 2853 672 2920 Ciceronianorum“
704 2853 839 2919 ducendi
871 2860 955 2920 sunt.
1001 2854 1223 2922 Confuderunt

154 2946 236 3008 enim
266 2966 397 3028 prorsus
426 2966 529 3031 genus
560 2943 715 3009 scribendi
737 2944 772 3006 in
794 2945 989 3010 orationibus
1013 2946 1222 3031 operibusque

153 3033 352 3118 philosophis
373 3039 565 3118 usurpatum
594 3038 626 3098 et
655 3031 860 3119 scriptionem
890 3033 981 3097 illam
1013 3039 1223 3116 attenuatam,

153 3143 217 3206 qua
239 3119 350 3186 (licere
373 3121 409 3183 in
432 3123 581 3206 epistulis
605 3123 780 3190 utebatur..
807 3119 972 3196 Quantum
995 3143 1070 3188 vero
1093 3126 1223 3188 intersit

151 3212 235 3275 inter
257 3211 335 3274 haee
358 3208 482 3274 dicendi
504 3232 629 3295 genera,
652 3210 762 3277 Cicero
779 3212 847 3295 ipse
864 3211 1005 3297 explicat
1025 3213 1060 3276 in
1084 3213 1223 3296 epistula

152 3298 194 3362 ad
216 3298 353 3364 Paetum
376 3297 547 3385 scriptae:
575 3297 677 3378 „Quid
700 3300 759 3364 tibi
782 3320 840 3385 ego
864 3307 897 3364 in
920 3301 1067 3386 epistulis
1089 3299 1221 3365 videor?

152 3409 257 3451 nonne
280 3388 401 3465 plebeio
424 3409 568 3453 sermone
591 3409 685 3474 agere
706 3388 840 3452 tecum?
885 3388 951 3454 Nee
982 3391 1068 3454 enim
1098 3411 1222 3475 semper

152 3474 261 3540 eodem
273 3476 376 3555 modo,
400 3475 478 3561 quid
498 3477 584 3542 enim
607 3477 712 3541 simile
733 3476 831 3542 habet
853 3478 994 3563 epistula
1015 3484 1076 3543 aut
1098 3477 1220 3545 iudicio

152 3569 211 3629 aut
233 3563 397 3628 contioni?
434 3562 521 3640 Quin
544 3568 615 3653 ipsa
637 3564 756 3630 iudicia
778 3588 842 3631 non
866 3567 1004 3632 solemus
1020 3567 1128 3634 omnia
1142 3572 1220 3632 trao-

151 3657 221 3718 tare
252 3673 317 3718 uno
348 3650 456 3732 modo;
490 3654 631 3740 privatas
654 3675 777 3736 causas,
800 3660 833 3720 et
856 3677 908 3722 aas
931 3661 1062 3738 tenues,
1092 3658 1220 3744 agimus

243 3827 252 3857 1

241 3828 264 3928 ¹)
282 3826 578 3980 bdelitiioss.
598 3901 624 3955 e.
644 3900 761 3956 almas.

242 3967 253 3999 ¹
283 3967 335 4023 hoc
353 3967 389 4022 de
408 3985 464 4037 quo
483 3985 594 4038 agimus
613 3970 687 4026 loeo.

241 4038 264 4176 l
281 4037 403 4164 ru·
422 4037 447 4175 a,
463 4057 554 4176 m
