2782 4458
619 157 832 222 *26-

196 348 283 390 mum
314 327 442 412 proeliis
472 329 554 417 apud
584 330 702 397 Forum
726 330 895 400 Gallorum
917 337 1011 402 factis
1034 342 1086 405 vel
1109 365 1129 407 a
1151 367 1260 431 pugna

195 414 372 482 Mutinensi
394 419 507 484 lictum
531 441 604 484 esse.
638 419 831 507 Itaqueiam
843 424 1035 492 Tunstallus
1055 435 1258 516 monuerat¹),

193 503 339 572 Ciceroni
371 508 454 572 talia
486 509 634 594 precandi
665 532 805 592 cansam,
840 515 950 597 qualia
980 517 1030 582 his
1054 526 1088 583 in
1111 524 1257 606 epistulis
1366 497 1367 570 l

195 592 305 660 Cicero
328 597 367 660 ab
389 597 566 664 Octaviano
581 606 727 684 precatus
744 623 811 666 esse
827 601 992 681 diceretur,
1019 617 1114 674 antea
1128 635 1256 696 prorsus

191 684 317 750 nullam
355 686 467 764 fuisse,
509 709 604 772 quam
642 689 780 774 Lepidus
811 713 882 756 oum
913 693 1092 763 Octaviano
1120 723 1154 765 se
1184 724 1254 766 oon-

192 774 356 839 iunxisset.
402 774 510 860 Atque
531 799 590 841 suo
613 778 685 842 iure
707 777 741 843 id
763 779 951 848 Tunstallus
974 789 1106 854 monuit

281 861 386 938 Quam
427 863 650 930 difficultatem
688 867 889 934 Hermannus
927 873 1055 955 quidem
1093 900 1252 943 removere

190 958 323 1016 conatus
336 953 425 1034 est'·'),
436 960 542 1020 tamen
557 958 885 1042 argumentationibus
897 962 966 1026 eius
982 963 1172 1049 adstipulari
1187 991 1250 1032 non
1367 985 1368 1036 l

189 1062 337 1126 possum:
361 1042 564 1110 Tunstallum
588 1067 716 1126 errasse,
739 1046 821 1132 quod
844 1070 950 1133 preces
973 1050 1046 1115 illas
1062 1054 1102 1116 ad
1116 1077 1248 1139 poenam
1367 1051 1368 1060 ¹

190 1136 330 1207 spectare
342 1138 493 1216 putasset,
516 1135 819 1218 quornOotavianus
841 1143 951 1222 postea
973 1142 1085 1206 minari
1103 1141 1247 1208 Caesaris

190 1220 445 1286 interfectoribus
469 1224 650 1308 incepisset,
680 1227 777 1289 immo
801 1225 838 1290 de
861 1229 952 1292 civili
975 1251 1012 1295 ac
1035 1233 1181 1316 populari
1202 1255 1246 1296 re-

189 1310 413 1375 conciliatione
431 1312 635 1398 cogitandum
652 1335 728 1390 esse,
753 1337 824 1380 cum
835 1315 944 1381 Cicero
954 1319 1166 1388 Octavianum
1177 1344 1249 1387 oum
1365 1361 1368 1378 ι

188 1399 445 1464 interfectoribus
456 1401 659 1466 reconciliare
678 1403 858 1485 studuisset,
878 1411 915 1471 ut
931 1407 1125 1475 Octavianus
1144 1411 1249 1476 odium

189 1487 372 1568 deponeret,
410 1490 494 1574 quod
524 1490 589 1554 iam
622 1513 715 1578 saepe
749 1494 815 1559 illis
850 1494 1040 1561 ostendisset
1073 1503 1170 1583 atque
1203 1501 1250 1563 rei
1368 1493 1369 1568 ἶ

188 1577 338 1662 publicae
360 1600 458 1644 causa
479 1579 513 1644 id
536 1588 653 1667 ageret,
678 1589 715 1648 ut
737 1605 790 1648 eos
812 1590 961 1650 tueretur.
995 1585 1068 1651 Jam
1086 1589 1132 1652 sic
1155 1589 1249 1652 ratio·
1368 1635 1369 1646 ,

187 1668 288 1732 cinari
311 1669 431 1754 pergit:
465 1667 537 1751 ,Ich
560 1680 668 1737 mame
691 1674 750 1754 ein,
775 1673 846 1738 dass
870 1675 1001 1758 damals,
1023 1677 1071 1742 als
1091 1677 1249 1744 Octavian
1368 1717 1369 1720 =

187 1755 242 1822 der
264 1757 561 1843 republikanisohen
585 1761 694 1826 Partei
715 1763 880 1828 fnrchtber
907 1771 959 1830 zui
975 1767 1101 1832 werden
1116 1767 1250 1853 begann,

187 1843 296 1910 Cicero
327 1845 480 1914 vielmehr
513 1872 554 1913 an
588 1852 673 1914 seine
708 1853 817 1936 eigene
839 1851 1017 1918 Sicherheit
1050 1879 1089 1918 au
1124 1856 1249 1919 denken

187 1935 367 2000 veranlasst
399 1959 481 2017 war,
516 1937 582 2001 und
614 1937 686 2000 dass
720 1939 770 2002 die
798 1939 869 2000 Zeit
892 1961 1021 2002 anseres
1043 1941 1164 2004 Brieies
1188 1942 1249 2004 den

187 2023 343 2089 Octavian
366 2025 447 2089 noch
470 2027 514 2088 im
529 2023 648 2107 Kriege
663 2026 723 2087 mit
737 2024 899 2087 Antonius
922 2032 1126 2089 voraussetzt.
1157 2027 1247 2090 Doch

188 2113 241 2177 ich
271 2121 380 2177 ritune
411 2112 500 2176 nicht
532 2113 600 2186 ein,
636 2111 708 2176 dass
729 2114 800 2197 jene
823 2111 912 2177 Bitte
934 2113 1126 2200 gleichwohl
1149 2114 1246 2180 echon

188 2223 228 2264 zu
253 2200 354 2264 dieser
377 2199 448 2264 Zeit
471 2199 530 2264 den
554 2200 711 2266 Octavian
734 2224 768 2267 so
790 2201 954 2268 lurchtber
977 2203 1176 2285 unterstellt,
1199 2205 1247 2268 als
1369 2242 1370 2272 ;

187 2287 220 2353 er
243 2292 349 2375 spater
371 2288 470 2354 durch
492 2288 542 2354 die
559 2289 771 2377 Verso'hnung
788 2293 849 2355 mit
867 2290 1029 2358 Antonius
1052 2293 1155 2370 ward3
1179 2315 1247 2356 son·
1369 2291 1370 2326 l

186 2378 263 2442 dern
279 2400 369 2442 wenn
382 2377 490 2442 Cicero
510 2379 620 2443 bittet:
643 2385 681 2444 ut
697 2402 748 2444 eos
771 2381 863 2460 cives,
886 2379 924 2444 de
947 2382 1063 2466 quibus
1086 2383 1149 2445 viri
1172 2381 1247 2446 boni

186 2468 384 2552 populusque
399 2466 561 2531 Romanus
585 2467 665 2531 bene
688 2469 860 2537 existimat,
885 2470 989 2535 salvos
1008 2470 1095 2551 velit,
1117 2493 1152 2534 so
1167 2471 1210 2535 lie
1233 2475 1248 2534 t

186 2554 279 2620 darin
306 2555 450 2620 niemlich
484 2555 584 2620 direct
615 2555 822 2642 angedeutet,
856 2557 928 2622 dass
962 2558 1103 2624 derselbe
1133 2493 1248 2645 gerade
1369 2603 1370 2640 ,

186 2645 289 2708 seiner
303 2643 524 2732 Vereinignng
543 2647 602 2710 mit
621 2645 692 2709 dem
703 2645 877 2711 Todfeinde
896 2648 1076 2734 vorbeugen
1091 2650 1159 2713 will
1182 2647 1247 2710 und
1369 2647 1370 2666 l

187 2755 226 2798 zu
250 2732 367 2797 diesem
389 2734 479 2799 Ende
502 2756 544 2798 an
560 2735 733 2802 Octavians
745 2735 972 2800 Patriotismus
995 2737 1151 2820 appellirt,
1175 2735 1244 2797 dass

186 2844 219 2886 er
253 2822 303 2887 die
332 2825 366 2887 in
396 2823 456 2888 den
487 2823 602 2910 Augen
625 2823 679 2887 des
702 2823 913 2889 Vaterlandes
936 2847 971 2890 so
993 2821 1244 2888 hochstehenden

153 2987 155 2994 Α
188 2910 322 2976 Miinner
352 2913 531 2998 gleichsalls
555 2915 589 2976 in
612 2913 721 2978 seinen
744 2911 861 2978 Schutz
885 2914 997 2978 nehme
1021 2912 1086 2976 und
1109 2911 1188 2976 such
1212 2909 1245 2972 in

186 2999 286 3064 dieser
305 2999 454 3066 Hinsioht
487 2998 800 3086 gemeinschaftliche
823 3001 925 3068 Sache
955 3001 1015 3066 mit
1037 3001 1107 3066 dem
1129 2999 1245 3065 Senate

185 3090 318 3154 maohen
345 3092 462 3176 mdge.“
507 3090 614 3155 Primo
645 3089 760 3154 obtutu
790 3091 886 3172 vides,
916 3089 1133 3155 Hermannum
1158 3089 1244 3151 Tun-

185 3178 275 3242 stalli
298 3175 500 3244 offensionem
523 3177 669 3266 frangere
691 3202 754 3244 non
778 3180 929 3265 potuisse,
960 3180 1014 3244 sed
1043 3199 1148 3264 preces
1171 3199 1244 3240 oum

184 3267 256 3330 aliis
284 3275 483 3353 comparatas
513 3274 623 3333 tenues
645 3274 772 3334 tantum
796 3269 895 3334 fuisse
918 3267 1158 3332 contendentem
1181 3286 1244 3329 rem

186 3357 277 3440 quasi
299 3357 507 3422 vitabundum
530 3358 751 3423 circumivisse.
801 3357 965 3441 Simulque
991 3355 1033 3418 ad
1055 3356 1245 3419 sententiam

186 3465 276 3508 suam
309 3446 554 3511 confirmandam
586 3447 786 3511 audaciorem
809 3467 884 3509 sane
906 3445 1073 3509 verborum
1096 3445 1245 3530 interpre-

185 3535 339 3599 tationem
370 3534 531 3614 adhibuit,
565 3537 649 3600 sicut
676 3537 744 3618 ipse
771 3535 905 3599 sensisse
927 3533 1006 3598 mihi
1030 3532 1169 3613 videtur,
1199 3523 1245 3596 itt

186 3627 225 3685 ut
248 3624 351 3688 verbis
374 3646 450 3702 usus
474 3625 516 3687 sit
539 3623 599 3687 his:
624 3623 785 3704 „ziemlich
808 3621 908 3686 direct
930 3622 1146 3709 angedeutet“.

156 3729 160 3742 ·
274 3709 359 3785 Ouid
391 3714 518 3778 omnino
542 3711 602 3776 lroc
624 3713 693 3798 ipso
716 3717 856 3798 tempore
880 3709 1062 3778 Ciceronem
1084 3709 1245 3795 impellere

186 3804 318 3883 poterat,
341 3807 378 3866 ut
401 3805 467 3866 tam
491 3801 626 3866 demisse
648 3801 852 3887 precaretur?
886 3799 952 3868 Diu
975 3799 1144 3865 cunctatus
1168 3803 1243 3879 erat,

276 4010 297 4152 :p
315 4009 515 4137 plasmatione
535 4029 582 4082 pg.
601 4010 661 4066 173.

355 4099 378 4138 o.
