2782 4458
605 145 821 210 ...lg-

183 314 354 400 plicatione
392 316 529 382 utimur:
575 317 813 404 Anacoluthum
847 321 908 386 hoc
941 322 1010 390 loco
1044 328 1149 390 exstat
1182 328 1248 392 eius

181 403 277 484 modi,
302 410 339 470 ut
353 405 451 490 priori
462 405 620 470 membro:
644 429 769 492 „neque
792 409 905 489 solum,
929 414 966 475 ut
978 410 1104 478 Solonis
1127 413 1246 480 dictum

182 496 351 578 usurpem“
364 495 569 580 respondeat:
593 497 793 578 „estscilicet
804 499 968 586 utriusque
981 503 1027 566 rei
1038 503 1151 570 modus
1165 509 1247 572 etc.“

183 580 352 667 Simulque
375 583 455 648 nihil
486 583 634 668 impedit,
670 586 838 670 quominus
861 609 1013 675 usurpare
1036 591 1119 658 idem
1149 595 1247 680 sigui·

182 670 277 739 ficare
300 676 492 752 statuamus,
516 674 601 758 quod
624 696 736 761 „saepe
758 677 836 742 uti“.
882 677 989 745 Verba
1011 685 1137 747 autem:
1169 682 1246 764 „Sed

183 783 248 828 non
272 765 366 826 tanta
390 763 428 827 de
449 783 484 828 rc
506 765 702 848 propositum
726 770 774 830 est
796 764 856 832 hoc
879 767 948 833 loco
971 769 1154 856 disputare“
1183 795 1247 838 non

180 851 223 915 ad
238 849 365 916 Solonis
388 851 508 916 dictum
531 857 686 938 spectant,
711 855 765 920 sed
787 855 824 919 ad
847 877 884 920 ea
906 878 986 940 quae
1007 861 1146 943 proxime
1157 866 1246 927 aute·

182 940 307 1018 cedunt,
331 940 378 1006 ita
400 945 437 1004 ut
460 941 498 1006 de
520 941 747 1008 mediocritatis
769 944 899 1010 notione
916 942 1075 1031 disputare
1087 950 1178 1018 nolit.
1203 985 1246 999 -
1333 1007 1335 1016 ,

267 1028 341 1094 Jam
372 1029 434 1095 duo
465 1031 526 1096 loci
555 1035 697 1112 restant,
728 1033 763 1097 in
802 1033 912 1118 quibus
941 1033 1142 1102 defendendis
1173 1061 1245 1104 oum

181 1119 241 1183 viri
264 1118 349 1184 docti
371 1119 450 1184 mihi
472 1119 699 1202 satisfecerint,
731 1123 872 1208 exempla
899 1127 1024 1190 tantum
1051 1125 1089 1190 ad
1115 1148 1243 1210 persua-

179 1207 316 1274 dendum
339 1208 443 1274 valida
466 1210 612 1275 afferam:

228 1348 345 1434 Epist.
369 1349 402 1435 Ι,
427 1349 479 1433 14,
504 1351 545 1418 2:
572 1353 760 1433 „contendo
784 1358 821 1419 ut
844 1339 1025 1422 Ciceronem
1048 1381 1089 1424 no
1104 1359 1247 1424 dimittas

309 1445 475 1526 tecumque
511 1443 660 1522 deducas,
692 1442 777 1528 quod
821 1443 924 1528 ipsum
962 1446 991 1509 si
1024 1447 1247 1532 rempublicam

307 1531 553 1688 {ipimspppeptus
585 1556 616 1598 es
647 1533 789 1618 respicis,
816 1533 874 1598 tibi
896 1533 959 1598 iam
982 1533 1107 1618 iamque
1130 1535 1246 1602 sscien·

268 1727 338 1794 Hoc
359 1729 429 1796 loco
452 1729 656 1797 Marklandus
673 1729 829 1797 Ciceronis
852 1732 1068 1820 arrogantiam
1090 1735 1246 1818 vitupera·
1367 1737 1368 1744 ’

178 1815 320 1900 verat¹):
351 1841 452 1903 neque
482 1821 566 1885 enim
588 1821 634 1886 rei
656 1820 800 1904 publices
822 1820 855 1883 id
878 1823 1036 1900 retulisse,
1067 1826 1105 1886 ut
1127 1821 1245 1888 Brutus

181 1905 340 1976 Ciceronis
363 1909 464 1974 filium
486 1929 592 1975 secum
615 1907 802 1984 adduceret,
836 1909 890 1972 sed
912 1915 949 1971 ut
971 1909 1038 1990 ipse
1060 1909 1094 1971 in
1116 1909 1244 1972 Italiam

178 1995 352 2062 festinaret
399 1996 515 2060 Contra
537 1995 736 2060 Hermennus
758 1993 927 2075 monuiti'),
959 1995 1022 2058 iam
1044 1995 1148 2062 verbis
1172 1999 1242 2072 „te-

179 2107 312 2170 cumque
335 2084 489 2149 deducas“
513 2083 667 2148 contineri
688 2081 852 2146 notionem
870 2081 1062 2148 hortationis
1075 2086 1111 2146 ut
1121 2081 1240 2146 Brutus

177 2175 245 2258 ipse
266 2175 301 2238 iu
323 2172 448 2238 Italiam
470 2171 645 2250 festinaret,
664 2193 765 2256 neque
784 2171 912 2238 dubium
926 2193 993 2240 esse
1011 2193 1111 2252 posse,
1134 2176 1242 2244 utrum

145 2269 147 2274 '
179 2262 337 2328 Ciceronis
359 2284 401 2326 an
413 2260 507 2328 Bruti
529 2262 699 2327 adventum
722 2283 771 2328 res
793 2263 918 2347 publica
933 2261 1104 2348 flagitaret,
1128 2259 1155 2325 si
1170 2261 1241 2343 qui·
1367 2327 1368 2330 ,

178 2353 249 2418 dem
271 2352 360 2416 illum
382 2355 518 2436 utroque
540 2351 633 2416 modo
644 2353 752 2416 venire
767 2355 888 2416 certum
903 2355 1001 2427 esset;
1024 2350 1121 2415 verba
1135 2355 1241 2414 autem

179 2441 282 2526 „quod
303 2442 429 2526 ipsum“
461 2441 501 2506 ad
531 2441 687 2524 posterius
719 2444 844 2506 tantum
874 2444 1045 2507 membrum
1078 2437 1241 2506 referenda

178 2531 253 2597 esse.
291 2529 394 2614 Atque
417 2530 567 2615 quoniam
583 2529 748 2616 Zumptius
770 2527 992 2615 postularit3),
1016 2535 1061 2610 ul,
1083 2528 1111 2598 si
1133 2525 1240 2614 negle·
1367 2581 1368 2584 ,

177 2624 290 2707 genter
301 2619 478 2706 cogitatum
486 2624 577 2703 esset,
590 2620 864 2699 demonstraretur,
874 2619 956 2686 hauc
968 2617 1129 2703 cogitandi
1137 2616 1240 2700 negle-

178 2708 319 2796 gentiam
335 2709 461 2776 solitam
474 2732 540 2776 esse
555 2710 590 2774 in
601 2711 761 2778 veteribus
771 2709 987 2794 scriptoribus,
1009 2705 1239 2787 exemplunm-

177 2798 267 2864 nulla
289 2797 426 2866 afferam.
456 2798 504 2864 Re
516 2799 599 2864 euim
613 2820 687 2864 vera
702 2800 798 2863 etiam
808 2798 841 2860 in
854 2795 924 2860 aliis
937 2792 1093 2858 Ciceronis
1116 2788 1239 2872 scriptis

178 2889 287 2954 eadem
306 2889 357 2952 rel
378 2887 488 2952 similis
501 2887 662 2972 cogitandi
672 2885 877 2970 neglegentia
888 2881 1053 2965 reperitur,
1077 2877 1244 2962 praecipue.

83 3028 88 3034 .
177 2977 212 3042 in
234 2976 401 3041 sententiis
417 2974 566 3052 relativis,
590 2975 689 3038 velut:
711 2975 750 3038 de
761 2971 849 3036 finib.
868 2971 894 3047 l,
907 2971 928 3034 2
943 2992 979 3051 „a
991 2969 1102 3052 quibus
1114 2970 1239 3032 tantum
1367 2965 1368 3034 Ῠ

178 3066 338 3145 dissentio,
361 3070 400 3129 ut
421 3067 503 3130 etc.“
528 3061 636 3146 (nullis
658 3061 838 3128 hominibus
860 3059 948 3124 iniis
960 3079 1039 3144 quae
1050 3056 1240 3123 antecedunt

178 3154 451 3235 commemoratis.)
472 3152 587 3229 ibid2,
600 3151 654 3216 13:
669 3149 792 3229 „Huius
800 3171 860 3237 ego
869 3170 954 3214 nunc
966 3147 1185 3214 auctoritatem
1196 3166 1239 3209 se-

178 3267 277 3330 quens
285 3241 498 3308 idemfaciam.
515 3240 674 3318 Quantum
687 3242 770 3308 enim
781 3243 902 3325 potero,
914 3239 1054 3306 minuam
1067 3234 1239 3301 contentio-

179 3356 233 3400 nes
246 3354 416 3416 omnesque
427 3330 599 3396 sententias
615 3352 732 3408 eorum,
745 3331 779 3394 in
790 3328 907 3412 quibus
919 3327 1008 3392 nulla
1018 3327 1102 3390 inest
1113 3322 1239 3390 virtutis

179 3422 348 3500 adiunctio,
369 3419 738 3504 omniuoaphilosophia
757 3416 960 3484 removendas
972 3417 1110 3501 putabo“
1134 3410 1239 3497 (quasi

179 3512 353 3577 sententias
377 3532 428 3575 eas
456 3510 645 3590 antecedat).
690 3506 751 3570 Pro
774 3506 872 3571 Balbo
904 3504 962 3570 48:
1001 3503 1134 3586 „Itaque
1168 3521 1239 3566 cum

178 3601 287 3686 paucis
324 3599 413 3664 annis
441 3603 515 3682 post
537 3595 619 3662 hanc
641 3596 781 3661 civitatis
804 3592 1006 3666 donatiouem
1029 3591 1178 3658 acerrima
1200 3589 1239 3654 de

180 3689 307 3755 civitate
330 3689 472 3772 quaestio
490 3685 616 3750 Licinia
636 3688 668 3750 et
687 3683 791 3749 Mucia
814 3684 882 3770 lege
904 3682 1055 3760 venisset,
1078 3679 1239 3762 numquis

178 3861 180 3867 ’
263 3848 284 3988 ¹3
302 3846 438 3930 Remarks
456 3843 585 3930 p33205.
620 3885 622 3892 .
658 3809 661 3817 .

258 3918 271 3949 ²
301 3912 669 3985 derc.latm1t.pg.4d.

260 3989 281 4060 ὃ1
300 3987 341 4043 De
361 3986 415 4044 Cic.
436 3988 472 4043 ad
491 3987 569 4042 Brut.
590 4001 653 4056 epp.
673 4003 722 4054 pg.
744 3985 784 4040 17.
