<?xml version="1.0" encoding="UTF-8"?>
<!DOCTYPE html PUBLIC "-//W3C//DTD XHTML 1.0 Transitional//EN"
    "http://www.w3.org/TR/xhtml1/DTD/xhtml1-transitional.dtd">
<html xmlns="http://www.w3.org/1999/xhtml" xml:lang="en" lang="en">
 <head>
  <title>
</title>
<meta http-equiv="Content-Type" content="text/html;charset=utf-8" />
  <meta name='ocr-system' content='tesseract 3.04.00' />
  <meta name='ocr-capabilities' content='ocr_page ocr_carea ocr_par ocr_line ocrx_word'/>
</head>
<body>
  <div class='ocr_page' id='page_1' title='image "./quaestionumdemt00heingoog_0036.png"; bbox 0 0 2782 4458; ppageno 0'>
   <div class='ocr_carea' id='block_1_1' title="bbox 576 167 795 232">
    <p class='ocr_par' dir='ltr' id='par_1_1' title="bbox 576 167 795 232">
     <span class='ocr_line' id='line_1_1' title="bbox 576 167 795 232; baseline -0.009 -16"><span class='ocrx_word' id='word_1_1' title='bbox 576 167 795 232; x_wconf 50' lang='lat'><strong>*31*</strong></span> 
     </span>
    </p>
   </div>
   <div class='ocr_carea' id='block_1_2' title="bbox 152 339 1218 1321">
    <p class='ocr_par' dir='ltr' id='par_1_2' title="bbox 152 339 1218 1321">
     <span class='ocr_line' id='line_1_2' title="bbox 157 339 1213 428; baseline -0.012 -13"><span class='ocrx_word' id='word_1_2' title='bbox 157 353 235 416; x_wconf 90' lang='lat' dir='ltr'><strong>riam</strong></span> <span class='ocrx_word' id='word_1_3' title='bbox 265 349 322 412; x_wconf 90' lang='lat' dir='ltr'><strong>has</strong></span> <span class='ocrx_word' id='word_1_4' title='bbox 343 347 598 412; x_wconf 73' lang='lat' dir='ltr'><strong>incolumitatem</strong></span> <span class='ocrx_word' id='word_1_5' title='bbox 620 345 745 422; x_wconf 90' lang='lat' dir='ltr'><strong>habere,</strong></span> <span class='ocrx_word' id='word_1_6' title='bbox 769 366 788 408; x_wconf 91' lang='lat' dir='ltr'><strong>a</strong></span> <span class='ocrx_word' id='word_1_7' title='bbox 812 347 922 428; x_wconf 90' lang='lat' dir='ltr'><strong>quibus</strong></span> <span class='ocrx_word' id='word_1_8' title='bbox 945 341 1012 425; x_wconf 90' lang='lat' dir='ltr'><strong>ipse</strong></span> <span class='ocrx_word' id='word_1_9' title='bbox 1034 339 1213 404; x_wconf 82' lang='lat' dir='ltr'><strong>libertatem</strong></span> 
     </span>
     <span class='ocr_line' id='line_1_3' title="bbox 153 428 1213 524; baseline -0.014 -18"><span class='ocrx_word' id='word_1_10' title='bbox 153 439 340 524; x_wconf 74' lang='lat' dir='ltr'>accepisset,</span> <span class='ocrx_word' id='word_1_11' title='bbox 365 457 432 500; x_wconf 88' lang='lat' dir='ltr'><strong>esse</strong></span> <span class='ocrx_word' id='word_1_12' title='bbox 458 434 627 499; x_wconf 77' lang='lat' dir='ltr'><strong>arbitrium</strong></span> <span class='ocrx_word' id='word_1_13' title='bbox 650 456 745 497; x_wconf 93' lang='lat' dir='ltr'><strong>suum</strong></span> <span class='ocrx_word' id='word_1_14' title='bbox 768 432 806 497; x_wconf 90' lang='lat' dir='ltr'><strong>de</strong></span> <span class='ocrx_word' id='word_1_15' title='bbox 829 455 863 496; x_wconf 89' lang='lat' dir='ltr'><strong>re</strong></span> <span class='ocrx_word' id='word_1_16' title='bbox 886 429 1020 522; x_wconf 81' lang='lat' dir='ltr'><strong>publiea,</strong></span> <span class='ocrx_word' id='word_1_17' title='bbox 1039 428 1213 506; x_wconf 88' lang='lat' dir='ltr'><strong>quaerenda</strong></span> 
     </span>
     <span class='ocr_line' id='line_1_4' title="bbox 153 518 1215 610; baseline -0.013 -16"><span class='ocrx_word' id='word_1_18' title='bbox 153 551 240 594; x_wconf 89' lang='lat' dir='ltr'><strong>arma</strong></span> <span class='ocrx_word' id='word_1_19' title='bbox 253 549 319 592; x_wconf 86' lang='lat' dir='ltr'><strong>esse</strong></span> <span class='ocrx_word' id='word_1_20' title='bbox 329 525 452 610; x_wconf 88' lang='lat' dir='ltr'><strong>putasti</strong></span> <span class='ocrx_word' id='word_1_21' title='bbox 469 525 542 588; x_wconf 83' lang='lat' dir='ltr'><strong>etc.“</strong></span> <span class='ocrx_word' id='word_1_22' title='bbox 566 521 730 598; x_wconf 75' lang='lat' dir='ltr'><strong>Quomodo</strong></span> <span class='ocrx_word' id='word_1_23' title='bbox 743 523 783 586; x_wconf 90' lang='lat' dir='ltr'><strong>iis</strong></span> <span class='ocrx_word' id='word_1_24' title='bbox 796 543 835 586; x_wconf 87' lang='lat' dir='ltr'><strong>ex</strong></span> <span class='ocrx_word' id='word_1_25' title='bbox 847 522 951 584; x_wconf 88' lang='lat' dir='ltr'><strong>causis</strong></span> <span class='ocrx_word' id='word_1_26' title='bbox 974 519 1084 603; x_wconf 80' lang='lat' dir='ltr'><strong>colligi</strong></span> <span class='ocrx_word' id='word_1_27' title='bbox 1105 518 1215 603; x_wconf 84' lang='lat' dir='ltr'><strong>possit,</strong></span> 
     </span>
     <span class='ocr_line' id='line_1_5' title="bbox 156 605 1215 699; baseline -0.014 -15"><span class='ocrx_word' id='word_1_28' title='bbox 156 617 339 684; x_wconf 79' lang='lat' dir='ltr'><strong>Ciceronem</strong></span> <span class='ocrx_word' id='word_1_29' title='bbox 362 615 509 699; x_wconf 84' lang='lat' dir='ltr'><strong>inprimis</strong></span> <span class='ocrx_word' id='word_1_30' title='bbox 535 635 591 678; x_wconf 92' lang='lat' dir='ltr'><strong>suo</strong></span> <span class='ocrx_word' id='word_1_31' title='bbox 615 613 742 677; x_wconf 89' lang='lat' dir='ltr'><strong>nominc</strong></span> <span class='ocrx_word' id='word_1_32' title='bbox 753 609 929 675; x_wconf 82' lang='lat' dir='ltr'><strong>Antonium</strong></span> <span class='ocrx_word' id='word_1_33' title='bbox 948 605 1215 691; x_wconf 85' lang='lat' dir='ltr'><strong>odisse,intellegi</strong></span> 
     </span>
     <span class='ocr_line' id='line_1_6' title="bbox 156 694 1214 785; baseline -0.011 -14"><span class='ocrx_word' id='word_1_34' title='bbox 156 730 221 771; x_wconf 92' lang='lat' dir='ltr'><strong>non</strong></span> <span class='ocrx_word' id='word_1_35' title='bbox 233 710 344 784; x_wconf 89' lang='lat' dir='ltr'><strong>potest.</strong></span> <span class='ocrx_word' id='word_1_36' title='bbox 367 704 536 768; x_wconf 86' lang='lat' dir='ltr'><strong>Praeterea</strong></span> <span class='ocrx_word' id='word_1_37' title='bbox 548 703 675 767; x_wconf 89' lang='lat' dir='ltr'><strong>omnino</strong></span> <span class='ocrx_word' id='word_1_38' title='bbox 687 702 768 766; x_wconf 87' lang='lat' dir='ltr'><strong>talia</strong></span> <span class='ocrx_word' id='word_1_39' title='bbox 779 723 842 764; x_wconf 92' lang='lat' dir='ltr'><strong>non</strong></span> <span class='ocrx_word' id='word_1_40' title='bbox 854 698 1032 785; x_wconf 79' lang='lat' dir='ltr'><strong>postulavit</strong></span> <span class='ocrx_word' id='word_1_41' title='bbox 1043 694 1214 760; x_wconf 84' lang='lat' dir='ltr'><strong>Antonius.</strong></span> 
     </span>
     <span class='ocr_line' id='line_1_7' title="bbox 152 785 1216 874; baseline -0.012 -14"><span class='ocrx_word' id='word_1_42' title='bbox 152 794 370 874; x_wconf 86' lang='lat' dir='ltr'><strong>Itaqueverba</strong></span> <span class='ocrx_word' id='word_1_43' title='bbox 385 799 461 857; x_wconf 90' lang='lat' dir='ltr'><strong>sunt</strong></span> <span class='ocrx_word' id='word_1_44' title='bbox 478 793 588 856; x_wconf 86' lang='lat' dir='ltr'><strong>inania</strong></span> <span class='ocrx_word' id='word_1_45' title='bbox 612 797 644 855; x_wconf 92' lang='lat' dir='ltr'><strong>et</strong></span> <span class='ocrx_word' id='word_1_46' title='bbox 667 791 826 854; x_wconf 86' lang='lat' dir='ltr'><strong>rhetorem</strong></span> <span class='ocrx_word' id='word_1_47' title='bbox 842 793 962 853; x_wconf 90' lang='lat' dir='ltr'><strong>sonant.</strong></span> <span class='ocrx_word' id='word_1_48' title='bbox 996 785 1107 851; x_wconf 88' lang='lat' dir='ltr'><strong>Cicero</strong></span> <span class='ocrx_word' id='word_1_49' title='bbox 1130 786 1216 848; x_wconf 92' lang='lat' dir='ltr'><strong>enim</strong></span> 
     </span>
     <span class='ocr_line' id='line_1_8' title="bbox 152 873 1214 970; baseline -0.01 -21"><span class='ocrx_word' id='word_1_50' title='bbox 152 891 317 970; x_wconf 88' lang='lat' dir='ltr'><strong>propterea</strong></span> <span class='ocrx_word' id='word_1_51' title='bbox 333 887 459 948; x_wconf 90' lang='lat' dir='ltr'><strong>tantum</strong></span> <span class='ocrx_word' id='word_1_52' title='bbox 478 904 535 945; x_wconf 89' lang='lat' dir='ltr'><strong>suo</strong></span> <span class='ocrx_word' id='word_1_53' title='bbox 551 881 679 945; x_wconf 93' lang='lat' dir='ltr'><strong>nomine</strong></span> <span class='ocrx_word' id='word_1_54' title='bbox 699 879 806 943; x_wconf 89' lang='lat' dir='ltr'><strong>odium</strong></span> <span class='ocrx_word' id='word_1_55' title='bbox 828 875 1053 940; x_wconf 87' lang='lat' dir='ltr'><strong>inAntonium</strong></span> <span class='ocrx_word' id='word_1_56' title='bbox 1075 873 1214 962; x_wconf 84' lang='lat' dir='ltr'><strong>gerebat,</strong></span> 
     </span>
     <span class='ocr_line' id='line_1_9' title="bbox 155 965 1217 1059; baseline -0.01 -20"><span class='ocrx_word' id='word_1_57' title='bbox 155 973 239 1059; x_wconf 91' lang='lat' dir='ltr'><strong>quod</strong></span> <span class='ocrx_word' id='word_1_58' title='bbox 261 979 298 1037; x_wconf 87' lang='lat' dir='ltr'><strong>ab</strong></span> <span class='ocrx_word' id='word_1_59' title='bbox 321 971 479 1050; x_wconf 89' lang='lat' dir='ltr'><strong>Antonio,</strong></span> <span class='ocrx_word' id='word_1_60' title='bbox 501 992 575 1035; x_wconf 92' lang='lat' dir='ltr'><strong>cum</strong></span> <span class='ocrx_word' id='word_1_61' title='bbox 598 972 626 1033; x_wconf 93' lang='lat' dir='ltr'><strong>is</strong></span> <span class='ocrx_word' id='word_1_62' title='bbox 649 989 677 1031; x_wconf 91' lang='lat' dir='ltr'><strong>a.</strong></span> <span class='ocrx_word' id='word_1_63' title='bbox 700 966 728 1031; x_wconf 92' lang='lat' dir='ltr'><strong>d.</strong></span> <span class='ocrx_word' id='word_1_64' title='bbox 752 965 838 1030; x_wconf 87' lang='grc' dir='ltr'><strong>ΧΠΙ</strong></span> <span class='ocrx_word' id='word_1_65' title='bbox 861 965 927 1030; x_wconf 89' lang='lat' dir='ltr'><strong>Cal</strong></span> <span class='ocrx_word' id='word_1_66' title='bbox 951 966 1021 1030; x_wconf 85' lang='lat' dir='ltr'><strong>Oct.</strong></span> <span class='ocrx_word' id='word_1_67' title='bbox 1045 966 1080 1028; x_wconf 93' lang='lat' dir='ltr'><strong>in</strong></span> <span class='ocrx_word' id='word_1_68' title='bbox 1103 969 1217 1030; x_wconf 90' lang='lat' dir='ltr'><strong>senatu</strong></span> 
     </span>
     <span class='ocr_line' id='line_1_10' title="bbox 155 1051 1217 1148; baseline -0.008 -21"><span class='ocrx_word' id='word_1_69' title='bbox 155 1068 321 1148; x_wconf 77' lang='lat' dir='ltr'><strong>tantopere</strong></span> <span class='ocrx_word' id='word_1_70' title='bbox 336 1063 370 1126; x_wconf 92' lang='lat' dir='ltr'><strong>in</strong></span> <span class='ocrx_word' id='word_1_71' title='bbox 387 1059 569 1124; x_wconf 81' lang='lat' dir='ltr'><strong>Ciceronem</strong></span> <span class='ocrx_word' id='word_1_72' title='bbox 587 1051 732 1122; x_wconf 86' lang='lat' dir='ltr'><strong>invectus</strong></span> <span class='ocrx_word' id='word_1_73' title='bbox 755 1060 899 1120; x_wconf 88' lang='lat' dir='ltr'><strong>essetne</strong></span> <span class='ocrx_word' id='word_1_74' title='bbox 922 1055 990 1118; x_wconf 90' lang='lat' dir='ltr'><strong>vita</strong></span> <span class='ocrx_word' id='word_1_75' title='bbox 1013 1076 1071 1118; x_wconf 91' lang='lat' dir='ltr'><strong>sua</strong></span> <span class='ocrx_word' id='word_1_76' title='bbox 1093 1059 1217 1139; x_wconf 87' lang='lat' dir='ltr'><strong>appete-</strong></span> 
     </span>
     <span class='ocr_line' id='line_1_11' title="bbox 156 1144 1218 1230; baseline -0.008 -14"><span class='ocrx_word' id='word_1_77' title='bbox 156 1157 243 1216; x_wconf 90' lang='lat' dir='ltr'><strong>retur</strong></span> <span class='ocrx_word' id='word_1_78' title='bbox 273 1151 416 1215; x_wconf 88' lang='lat' dir='ltr'><strong>timebat.</strong></span> <span class='ocrx_word' id='word_1_79' title='bbox 460 1146 572 1230; x_wconf 89' lang='lat' dir='ltr'><strong>ltaque</strong></span> <span class='ocrx_word' id='word_1_80' title='bbox 596 1144 705 1211; x_wconf 86' lang='lat' dir='ltr'><strong>Cicero</strong></span> <span class='ocrx_word' id='word_1_81' title='bbox 736 1152 775 1210; x_wconf 93' lang='lat' dir='ltr'><strong>ut</strong></span> <span class='ocrx_word' id='word_1_82' title='bbox 804 1166 880 1209; x_wconf 87' lang='lat' dir='ltr'><strong>suae</strong></span> <span class='ocrx_word' id='word_1_83' title='bbox 910 1144 1009 1208; x_wconf 88' lang='lat' dir='ltr'><strong>saluti</strong></span> <span class='ocrx_word' id='word_1_84' title='bbox 1032 1144 1218 1224; x_wconf 81' lang='lat' dir='ltr'><strong>consuleret,</strong></span> 
     </span>
     <span class='ocr_line' id='line_1_12' title="bbox 159 1234 1158 1321; baseline -0.009 -16"><span class='ocrx_word' id='word_1_85' title='bbox 159 1241 305 1305; x_wconf 90' lang='lat' dir='ltr'><strong>omnibus</strong></span> <span class='ocrx_word' id='word_1_86' title='bbox 328 1237 450 1302; x_wconf 89' lang='lat' dir='ltr'><strong>viribus</strong></span> <span class='ocrx_word' id='word_1_87' title='bbox 473 1235 507 1298; x_wconf 96' lang='lat' dir='ltr'><strong>id</strong></span> <span class='ocrx_word' id='word_1_88' title='bbox 529 1236 654 1321; x_wconf 89' lang='lat' dir='ltr'><strong>agebat,</strong></span> <span class='ocrx_word' id='word_1_89' title='bbox 676 1241 713 1299; x_wconf 91' lang='lat' dir='ltr'><strong>ut</strong></span> <span class='ocrx_word' id='word_1_90' title='bbox 735 1234 897 1316; x_wconf 53' lang='lat' dir='ltr'><strong>Catonius</strong></span> <span class='ocrx_word' id='word_1_91' title='bbox 922 1234 1158 1319; x_wconf 87' lang='lat' dir='ltr'><strong>opprimeretur.</strong></span> 
     </span>
    </p>
   </div>
   <div class='ocr_carea' id='block_1_3' title="bbox 156 1340 1220 2316">
    <p class='ocr_par' dir='ltr' id='par_1_3' title="bbox 156 1340 1220 2316">
     <span class='ocr_line' id='line_1_13' title="bbox 244 1340 1217 1428; baseline -0.004 -20"><span class='ocrx_word' id='word_1_92' title='bbox 244 1345 329 1408; x_wconf 89' lang='lat' dir='ltr'><strong>Num</strong></span> <span class='ocrx_word' id='word_1_93' title='bbox 343 1364 436 1428; x_wconf 90' lang='lat' dir='ltr'><strong>porro</strong></span> <span class='ocrx_word' id='word_1_94' title='bbox 455 1342 686 1427; x_wconf 82' lang='lat' dir='ltr'><strong>probabilitatis</strong></span> <span class='ocrx_word' id='word_1_95' title='bbox 702 1343 836 1420; x_wconf 89' lang='lat' dir='ltr'><strong>speeiem</strong></span> <span class='ocrx_word' id='word_1_96' title='bbox 851 1363 925 1428; x_wconf 89' lang='lat' dir='ltr'><strong>prae</strong></span> <span class='ocrx_word' id='word_1_97' title='bbox 943 1363 977 1405; x_wconf 92' lang='lat' dir='ltr'><strong>se</strong></span> <span class='ocrx_word' id='word_1_98' title='bbox 991 1341 1061 1420; x_wconf 83' lang='lat' dir='ltr'><strong>fert,</strong></span> <span class='ocrx_word' id='word_1_99' title='bbox 1081 1340 1217 1405; x_wconf 87' lang='lat' dir='ltr'><strong>Brutum</strong></span> 
     </span>
     <span class='ocr_line' id='line_1_14' title="bbox 160 1429 1218 1518; baseline -0.004 -20"><span class='ocrx_word' id='word_1_100' title='bbox 160 1455 197 1498; x_wconf 87' lang='lat' dir='ltr'><strong>eo</strong></span> <span class='ocrx_word' id='word_1_101' title='bbox 221 1431 435 1518; x_wconf 87' lang='lat' dir='ltr'><strong>impudentiae</strong></span> <span class='ocrx_word' id='word_1_102' title='bbox 458 1433 661 1516; x_wconf 80' lang='lat' dir='ltr'><strong>processisse,</strong></span> <span class='ocrx_word' id='word_1_103' title='bbox 682 1439 720 1496; x_wconf 86' lang='lat' dir='ltr'><strong>ut</strong></span> <span class='ocrx_word' id='word_1_104' title='bbox 742 1431 885 1496; x_wconf 83' lang='lat' dir='ltr'><strong>Ciceroni</strong></span> <span class='ocrx_word' id='word_1_105' title='bbox 909 1430 1075 1508; x_wconf 89' lang='lat' dir='ltr'><strong>obiiceret,</strong></span> <span class='ocrx_word' id='word_1_106' title='bbox 1098 1429 1218 1494; x_wconf 84' lang='lat' dir='ltr'><strong>frustra</strong></span> 
     </span>
     <span class='ocr_line' id='line_1_15' title="bbox 157 1519 1218 1604; baseline -0.002 -18"><span class='ocrx_word' id='word_1_107' title='bbox 157 1523 301 1588; x_wconf 89' lang='lat' dir='ltr'><strong>futurum</strong></span> <span class='ocrx_word' id='word_1_108' title='bbox 335 1522 448 1601; x_wconf 91' lang='lat' dir='ltr'><strong>fuisse,</strong></span> <span class='ocrx_word' id='word_1_109' title='bbox 481 1527 519 1585; x_wconf 93' lang='lat' dir='ltr'><strong>ut</strong></span> <span class='ocrx_word' id='word_1_110' title='bbox 548 1528 706 1604; x_wconf 87' lang='lat' dir='ltr'><strong>tyrannus</strong></span> <span class='ocrx_word' id='word_1_111' title='bbox 729 1519 972 1600; x_wconf 87' lang='lat' dir='ltr'><strong>interficeretur,</strong></span> <span class='ocrx_word' id='word_1_112' title='bbox 1004 1519 1121 1583; x_wconf 87' lang='lat' dir='ltr'><strong>frustra</strong></span> <span class='ocrx_word' id='word_1_113' title='bbox 1151 1540 1218 1584; x_wconf 91' lang='lat' dir='ltr'><strong>sese</strong></span> 
     </span>
     <span class='ocr_line' id='line_1_16' title="bbox 159 1607 1219 1698; baseline -0.005 -22"><span class='ocrx_word' id='word_1_114' title='bbox 159 1614 327 1698; x_wconf 88' lang='lat' dir='ltr'><strong>gavisuros</strong></span> <span class='ocrx_word' id='word_1_115' title='bbox 349 1611 455 1689; x_wconf 81' lang='lat' dir='ltr'><strong>fuisse,</strong></span> <span class='ocrx_word' id='word_1_116' title='bbox 478 1611 507 1673; x_wconf 89' lang='lat' dir='ltr'><strong>si</strong></span> <span class='ocrx_word' id='word_1_117' title='bbox 529 1615 602 1694; x_wconf 90' lang='lat' dir='ltr'><strong>post</strong></span> <span class='ocrx_word' id='word_1_118' title='bbox 612 1607 758 1673; x_wconf 89' lang='lat' dir='ltr'><strong>Caesaris</strong></span> <span class='ocrx_word' id='word_1_119' title='bbox 781 1609 950 1672; x_wconf 90' lang='lat' dir='ltr'><strong>interitum</strong></span> <span class='ocrx_word' id='word_1_120' title='bbox 973 1607 1034 1671; x_wconf 86' lang='lat' dir='ltr'><strong>viri</strong></span> <span class='ocrx_word' id='word_1_121' title='bbox 1056 1607 1132 1671; x_wconf 92' lang='lat' dir='ltr'><strong>boni</strong></span> <span class='ocrx_word' id='word_1_122' title='bbox 1153 1631 1219 1672; x_wconf 90' lang='lat' dir='ltr'><strong>non</strong></span> 
     </span>
     <span class='ocr_line' id='line_1_17' title="bbox 160 1693 1219 1784; baseline -0.003 -21"><span class='ocrx_word' id='word_1_123' title='bbox 160 1701 194 1762; x_wconf 90' lang='lat' dir='ltr'><strong>id</strong></span> <span class='ocrx_word' id='word_1_124' title='bbox 204 1704 343 1784; x_wconf 89' lang='lat' dir='ltr'><strong>agerent,</strong></span> <span class='ocrx_word' id='word_1_125' title='bbox 365 1703 403 1761; x_wconf 86' lang='lat' dir='ltr'><strong>ut</strong></span> <span class='ocrx_word' id='word_1_126' title='bbox 425 1719 552 1782; x_wconf 88' lang='lat' dir='ltr'><strong>prorsus</strong></span> <span class='ocrx_word' id='word_1_127' title='bbox 575 1697 760 1761; x_wconf 86' lang='lat' dir='ltr'><strong>servitutem</strong></span> <span class='ocrx_word' id='word_1_128' title='bbox 777 1696 952 1760; x_wconf 81' lang='lat' dir='ltr'><strong>exuerent?</strong></span> <span class='ocrx_word' id='word_1_129' title='bbox 976 1696 1007 1776; x_wconf 67' lang='grc' dir='ltr'><strong>(ἓ</strong></span> <span class='ocrx_word' id='word_1_130' title='bbox 1024 1696 1063 1775; x_wconf 82' lang='lat'><strong>5).</strong></span> <span class='ocrx_word' id='word_1_131' title='bbox 1093 1693 1219 1768; x_wconf 81' lang='lat' dir='ltr'><strong>Quibus</strong></span> 
     </span>
     <span class='ocr_line' id='line_1_18' title="bbox 157 1782 1219 1870; baseline -0.001 -19"><span class='ocrx_word' id='word_1_132' title='bbox 157 1786 433 1852; x_wconf 85' lang='lat' dir='ltr'><strong>adhortationibus</strong></span> <span class='ocrx_word' id='word_1_133' title='bbox 456 1786 576 1849; x_wconf 90' lang='lat' dir='ltr'><strong>Brutus</strong></span> <span class='ocrx_word' id='word_1_134' title='bbox 598 1786 682 1870; x_wconf 90' lang='lat' dir='ltr'><strong>ipse,</strong></span> <span class='ocrx_word' id='word_1_135' title='bbox 713 1785 837 1870; x_wconf 90' lang='lat' dir='ltr'><strong>opinor,</strong></span> <span class='ocrx_word' id='word_1_136' title='bbox 864 1786 920 1850; x_wconf 81' lang='lat' dir='ltr'><strong>vix</strong></span> <span class='ocrx_word' id='word_1_137' title='bbox 943 1782 1122 1860; x_wconf 87' lang='lat' dir='ltr'><strong>crediderit,</strong></span> <span class='ocrx_word' id='word_1_138' title='bbox 1152 1807 1219 1850; x_wconf 89' lang='lat' dir='ltr'><strong>sese</strong></span> 
     </span>
     <span class='ocr_line' id='line_1_19' title="bbox 157 1871 1219 1958; baseline -0.004 -16"><span class='ocrx_word' id='word_1_139' title='bbox 157 1877 319 1943; x_wconf 87' lang='lat' dir='ltr'><strong>Ciceronis</strong></span> <span class='ocrx_word' id='word_1_140' title='bbox 350 1875 494 1939; x_wconf 92' lang='lat' dir='ltr'><strong>animum</strong></span> <span class='ocrx_word' id='word_1_141' title='bbox 525 1880 684 1938; x_wconf 90' lang='lat' dir='ltr'><strong>moturum</strong></span> <span class='ocrx_word' id='word_1_142' title='bbox 715 1896 791 1938; x_wconf 89' lang='lat' dir='ltr'><strong>esse.</strong></span> <span class='ocrx_word' id='word_1_143' title='bbox 836 1871 954 1938; x_wconf 84' lang='lat' dir='ltr'><strong>Statim</strong></span> <span class='ocrx_word' id='word_1_144' title='bbox 984 1873 1051 1958; x_wconf 89' lang='lat' dir='ltr'><strong>ipse</strong></span> <span class='ocrx_word' id='word_1_145' title='bbox 1078 1873 1219 1938; x_wconf 90' lang='lat' dir='ltr'><strong>reeorda-</strong></span> 
     </span>
     <span class='ocr_line' id='line_1_20' title="bbox 156 1961 1219 2048; baseline -0.003 -17"><span class='ocrx_word' id='word_1_146' title='bbox 156 1973 244 2031; x_wconf 88' lang='lat' dir='ltr'><strong>retur</strong></span> <span class='ocrx_word' id='word_1_147' title='bbox 266 1987 392 2030; x_wconf 87' lang='lat' dir='ltr'><strong>necesse</strong></span> <span class='ocrx_word' id='word_1_148' title='bbox 415 1970 489 2044; x_wconf 89' lang='lat' dir='ltr'><strong>erat,</strong></span> <span class='ocrx_word' id='word_1_149' title='bbox 512 1962 666 2048; x_wconf 92' lang='lat' dir='ltr'><strong>quomodo</strong></span> <span class='ocrx_word' id='word_1_150' title='bbox 689 1963 755 2040; x_wconf 87' lang='lat' dir='ltr'><strong>ipse</strong></span> <span class='ocrx_word' id='word_1_151' title='bbox 778 1968 849 2041; x_wconf 88' lang='lat' dir='ltr'><strong>post</strong></span> <span class='ocrx_word' id='word_1_152' title='bbox 864 1961 1008 2027; x_wconf 82' lang='lat' dir='ltr'><strong>Caesaris</strong></span> <span class='ocrx_word' id='word_1_153' title='bbox 1031 1961 1219 2028; x_wconf 82' lang='lat' dir='ltr'><strong>interfectio</strong></span> 
     </span>
     <span class='ocr_line' id='line_1_21' title="bbox 159 2051 1220 2139; baseline -0.003 -19"><span class='ocrx_word' id='word_1_154' title='bbox 159 2078 232 2120; x_wconf 91' lang='lat' dir='ltr'><strong>nem</strong></span> <span class='ocrx_word' id='word_1_155' title='bbox 263 2054 389 2120; x_wconf 91' lang='lat' dir='ltr'><strong>consilii</strong></span> <span class='ocrx_word' id='word_1_156' title='bbox 419 2060 510 2138; x_wconf 90' lang='lat' dir='ltr'><strong>inops</strong></span> <span class='ocrx_word' id='word_1_157' title='bbox 540 2059 665 2138; x_wconf 92' lang='lat' dir='ltr'><strong>tempus</strong></span> <span class='ocrx_word' id='word_1_158' title='bbox 688 2053 931 2139; x_wconf 88' lang='lat' dir='ltr'><strong>absumpsisset,</strong></span> <span class='ocrx_word' id='word_1_159' title='bbox 962 2053 1010 2116; x_wconf 90' lang='lat' dir='ltr'><strong>ita</strong></span> <span class='ocrx_word' id='word_1_160' title='bbox 1031 2055 1069 2116; x_wconf 89' lang='lat' dir='ltr'><strong>ut</strong></span> <span class='ocrx_word' id='word_1_161' title='bbox 1090 2051 1220 2117; x_wconf 91' lang='lat' dir='ltr'><strong>minime</strong></span> 
     </span>
     <span class='ocr_line' id='line_1_22' title="bbox 158 2139 1220 2227; baseline 0 -21"><span class='ocrx_word' id='word_1_162' title='bbox 158 2144 192 2207; x_wconf 87' lang='lat' dir='ltr'><strong>id</strong></span> <span class='ocrx_word' id='word_1_163' title='bbox 214 2149 330 2227; x_wconf 88' lang='lat' dir='ltr'><strong>ageret,</strong></span> <span class='ocrx_word' id='word_1_164' title='bbox 354 2165 393 2205; x_wconf 90' lang='lat' dir='ltr'><strong>ne</strong></span> <span class='ocrx_word' id='word_1_165' title='bbox 416 2143 534 2207; x_wconf 85' lang='lat' dir='ltr'><strong>frustra</strong></span> <span class='ocrx_word' id='word_1_166' title='bbox 557 2139 674 2206; x_wconf 90' lang='lat' dir='ltr'><strong>Caesar</strong></span> <span class='ocrx_word' id='word_1_167' title='bbox 696 2143 817 2207; x_wconf 88' lang='lat' dir='ltr'><strong>occisus</strong></span> <span class='ocrx_word' id='word_1_168' title='bbox 841 2145 931 2207; x_wconf 88' lang='lat' dir='ltr'><strong>esset.</strong></span> <span class='ocrx_word' id='word_1_169' title='bbox 965 2141 1077 2206; x_wconf 87' lang='lat' dir='ltr'><strong>Nonne</strong></span> <span class='ocrx_word' id='word_1_170' title='bbox 1099 2141 1220 2206; x_wconf 91' lang='lat' dir='ltr'><strong>Brutus</strong></span> 
     </span>
     <span class='ocr_line' id='line_1_23' title="bbox 159 2229 1220 2316; baseline 0.002 -21"><span class='ocrx_word' id='word_1_171' title='bbox 159 2233 228 2316; x_wconf 90' lang='lat' dir='ltr'><strong>ipse</strong></span> <span class='ocrx_word' id='word_1_172' title='bbox 251 2229 433 2294; x_wconf 91' lang='lat' dir='ltr'><strong>Ciceronem</strong></span> <span class='ocrx_word' id='word_1_173' title='bbox 455 2231 649 2316; x_wconf 78' lang='lat' dir='ltr'><strong>fatigaverat</strong></span> <span class='ocrx_word' id='word_1_174' title='bbox 671 2232 831 2315; x_wconf 89' lang='lat' dir='ltr'><strong>precibus,</strong></span> <span class='ocrx_word' id='word_1_175' title='bbox 861 2236 900 2296; x_wconf 89' lang='lat' dir='ltr'><strong>ut</strong></span> <span class='ocrx_word' id='word_1_176' title='bbox 932 2231 1100 2296; x_wconf 90' lang='lat' dir='ltr'><strong>consilium</strong></span> <span class='ocrx_word' id='word_1_177' title='bbox 1123 2229 1220 2312; x_wconf 87' lang='lat' dir='ltr'><strong>daret,</strong></span> 
     </span>
    </p>
   </div>
   <div class='ocr_carea' id='block_1_4' title="bbox 159 2317 1220 2488">
    <p class='ocr_par' dir='ltr' id='par_1_4' title="bbox 159 2317 1220 2488">
     <span class='ocr_line' id='line_1_24' title="bbox 159 2317 1220 2406; baseline 0 -22"><span class='ocrx_word' id='word_1_178' title='bbox 159 2325 255 2404; x_wconf 90' lang='lat' dir='ltr'><strong>atque</strong></span> <span class='ocrx_word' id='word_1_179' title='bbox 276 2318 363 2400; x_wconf 88' lang='lat' dir='ltr'><strong>adeo,</strong></span> <span class='ocrx_word' id='word_1_180' title='bbox 387 2323 424 2382; x_wconf 89' lang='lat' dir='ltr'><strong>ut</strong></span> <span class='ocrx_word' id='word_1_181' title='bbox 446 2317 557 2384; x_wconf 89' lang='lat' dir='ltr'><strong>Cicero</strong></span> <span class='ocrx_word' id='word_1_182' title='bbox 579 2341 642 2383; x_wconf 91' lang='lat' dir='ltr'><strong>non</strong></span> <span class='ocrx_word' id='word_1_183' title='bbox 664 2321 803 2403; x_wconf 89' lang='lat' dir='ltr'><strong>amplius</strong></span> <span class='ocrx_word' id='word_1_184' title='bbox 814 2319 917 2385; x_wconf 90' lang='lat' dir='ltr'><strong>Bruto</strong></span> <span class='ocrx_word' id='word_1_185' title='bbox 935 2320 1128 2406; x_wconf 82' lang='lat' dir='ltr'><strong>¹respondere</strong></span> <span class='ocrx_word' id='word_1_186' title='bbox 1149 2343 1220 2386; x_wconf 90' lang='lat' dir='ltr'><strong>con·</strong></span> 
     </span>
     <span class='ocr_line' id='line_1_25' title="bbox 159 2407 368 2488; baseline 0.019 -20"><span class='ocrx_word' id='word_1_187' title='bbox 159 2409 331 2475; x_wconf 81' lang='lat' dir='ltr'><strong>stitueret?</strong></span> <span class='ocrx_word' id='word_1_188' title='bbox 345 2407 368 2488; x_wconf 84' lang='grc'><strong>1)</strong></span> 
     </span>
    </p>
   </div>
   <div class='ocr_carea' id='block_1_5' title="bbox 159 2515 1221 3134">
    <p class='ocr_par' dir='ltr' id='par_1_5' title="bbox 159 2515 1221 3134">
     <span class='ocr_line' id='line_1_26' title="bbox 229 2515 1220 2602; baseline 0.003 -24"><span class='ocrx_word' id='word_1_189' title='bbox 229 2516 277 2594; x_wconf 80' lang='lat'><strong>16,</strong></span> <span class='ocrx_word' id='word_1_190' title='bbox 291 2518 321 2578; x_wconf 83' lang='lat'><strong>6:</strong></span> <span class='ocrx_word' id='word_1_191' title='bbox 334 2538 451 2598; x_wconf 81' lang='lat' dir='ltr'><strong>„neque</strong></span> <span class='ocrx_word' id='word_1_192' title='bbox 466 2517 635 2580; x_wconf 89' lang='lat' dir='ltr'><strong>incolumis</strong></span> <span class='ocrx_word' id='word_1_193' title='bbox 647 2515 782 2580; x_wconf 85' lang='lat' dir='ltr'><strong>Caesare</strong></span> <span class='ocrx_word' id='word_1_194' title='bbox 793 2517 861 2582; x_wconf 89' lang='lat' dir='ltr'><strong>viro</strong></span> <span class='ocrx_word' id='word_1_195' title='bbox 873 2517 928 2596; x_wconf 89' lang='lat' dir='ltr'><strong>fui,</strong></span> <span class='ocrx_word' id='word_1_196' title='bbox 940 2517 1002 2580; x_wconf 92' lang='lat' dir='ltr'><strong>nisi</strong></span> <span class='ocrx_word' id='word_1_197' title='bbox 1013 2522 1220 2602; x_wconf 85' lang='lat' dir='ltr'><strong>posteaquam</strong></span> 
     </span>
     <span class='ocr_line' id='line_1_27' title="bbox 159 2601 1219 2692; baseline 0.004 -26"><span class='ocrx_word' id='word_1_198' title='bbox 159 2601 243 2666; x_wconf 91' lang='lat' dir='ltr'><strong>illud</strong></span> <span class='ocrx_word' id='word_1_199' title='bbox 255 2604 395 2666; x_wconf 89' lang='lat' dir='ltr'><strong>conscivi</strong></span> <span class='ocrx_word' id='word_1_200' title='bbox 412 2603 559 2666; x_wconf 61' lang='lat' dir='ltr'><strong>facinus.</strong></span> <span class='ocrx_word' id='word_1_201' title='bbox 590 2601 679 2676; x_wconf 80' lang='lat' dir='ltr'><strong>Quae</strong></span> <span class='ocrx_word' id='word_1_202' title='bbox 691 2604 786 2668; x_wconf 90' lang='lat' dir='ltr'><strong>verba</strong></span> <span class='ocrx_word' id='word_1_203' title='bbox 797 2604 824 2668; x_wconf 92' lang='lat' dir='ltr'><strong>si</strong></span> <span class='ocrx_word' id='word_1_204' title='bbox 837 2626 944 2669; x_wconf 88' lang='lat' dir='ltr'><strong>severe</strong></span> <span class='ocrx_word' id='word_1_205' title='bbox 956 2606 1073 2690; x_wconf 84' lang='lat' dir='ltr'><strong>exigas,</strong></span> <span class='ocrx_word' id='word_1_206' title='bbox 1088 2606 1147 2670; x_wconf 91' lang='lat' dir='ltr'><strong>hoo</strong></span> <span class='ocrx_word' id='word_1_207' title='bbox 1159 2607 1219 2692; x_wconf 88' lang='lat' dir='ltr'><strong>sig·</strong></span> 
     </span>
     <span class='ocr_line' id='line_1_28' title="bbox 161 2689 1219 2774; baseline 0.002 -18"><span class='ocrx_word' id='word_1_208' title='bbox 161 2690 308 2756; x_wconf 86' lang='lat' dir='ltr'><strong>nificant:</strong></span> <span class='ocrx_word' id='word_1_209' title='bbox 335 2712 402 2756; x_wconf 88' lang='lat' dir='ltr'><strong>sese</strong></span> <span class='ocrx_word' id='word_1_210' title='bbox 426 2695 495 2754; x_wconf 94' lang='lat' dir='ltr'><strong>tum</strong></span> <span class='ocrx_word' id='word_1_211' title='bbox 516 2689 641 2754; x_wconf 91' lang='lat' dir='ltr'><strong>demum</strong></span> <span class='ocrx_word' id='word_1_212' title='bbox 657 2690 778 2755; x_wconf 90' lang='lat' dir='ltr'><strong>Romae</strong></span> <span class='ocrx_word' id='word_1_213' title='bbox 801 2692 991 2756; x_wconf 88' lang='lat' dir='ltr'><strong>incolumem</strong></span> <span class='ocrx_word' id='word_1_214' title='bbox 1018 2693 1124 2774; x_wconf 83' lang='lat' dir='ltr'><strong>fnisse,</strong></span> <span class='ocrx_word' id='word_1_215' title='bbox 1146 2717 1219 2760; x_wconf 90' lang='lat' dir='ltr'><strong>cum</strong></span> 
     </span>
     <span class='ocr_line' id='line_1_29' title="bbox 160 2777 1221 2864; baseline 0.004 -19"><span class='ocrx_word' id='word_1_216' title='bbox 160 2778 325 2845; x_wconf 88' lang='lat' dir='ltr'><strong>Caesarem</strong></span> <span class='ocrx_word' id='word_1_217' title='bbox 337 2778 514 2845; x_wconf 88' lang='lat' dir='ltr'><strong>interficere</strong></span> <span class='ocrx_word' id='word_1_218' title='bbox 526 2779 753 2844; x_wconf 88' lang='lat' dir='ltr'><strong>constituisset.</strong></span> <span class='ocrx_word' id='word_1_219' title='bbox 777 2777 871 2852; x_wconf 81' lang='lat' dir='ltr'><strong>Quod</strong></span> <span class='ocrx_word' id='word_1_220' title='bbox 882 2779 958 2864; x_wconf 92' lang='lat' dir='ltr'><strong>quid</strong></span> <span class='ocrx_word' id='word_1_221' title='bbox 969 2779 1030 2844; x_wconf 87' lang='lat' dir='ltr'><strong>sibi</strong></span> <span class='ocrx_word' id='word_1_222' title='bbox 1041 2780 1129 2862; x_wconf 86' lang='lat' dir='ltr'><strong>velit,</strong></span> <span class='ocrx_word' id='word_1_223' title='bbox 1140 2783 1221 2848; x_wconf 89' lang='lat' dir='ltr'><strong>intel</strong></span> 
     </span>
     <span class='ocr_line' id='line_1_30' title="bbox 159 2867 1220 2955; baseline 0.004 -23"><span class='ocrx_word' id='word_1_224' title='bbox 159 2871 225 2953; x_wconf 88' lang='lat' dir='ltr'><strong>legi</strong></span> <span class='ocrx_word' id='word_1_225' title='bbox 237 2890 301 2932; x_wconf 92' lang='lat' dir='ltr'><strong>non</strong></span> <span class='ocrx_word' id='word_1_226' title='bbox 312 2873 425 2955; x_wconf 88' lang='lat' dir='ltr'><strong>potest.</strong></span> <span class='ocrx_word' id='word_1_227' title='bbox 442 2867 535 2934; x_wconf 89' lang='lat' dir='ltr'><strong>Certe</strong></span> <span class='ocrx_word' id='word_1_228' title='bbox 546 2868 791 2954; x_wconf 88' lang='lat' dir='ltr'><strong>scriptordicere</strong></span> <span class='ocrx_word' id='word_1_229' title='bbox 802 2870 921 2934; x_wconf 90' lang='lat' dir='ltr'><strong>voluit:</strong></span> <span class='ocrx_word' id='word_1_230' title='bbox 933 2891 1001 2934; x_wconf 89' lang='lat' dir='ltr'><strong>sese</strong></span> <span class='ocrx_word' id='word_1_231' title='bbox 1011 2873 1081 2934; x_wconf 87' lang='lat' dir='ltr'><strong>turn</strong></span> <span class='ocrx_word' id='word_1_232' title='bbox 1094 2868 1220 2936; x_wconf 90' lang='lat' dir='ltr'><strong>demum</strong></span> 
     </span>
     <span class='ocr_line' id='line_1_31' title="bbox 161 2957 1221 3039; baseline 0.007 -19"><span class='ocrx_word' id='word_1_233' title='bbox 161 2957 349 3022; x_wconf 90' lang='lat' dir='ltr'><strong>incolumem</strong></span> <span class='ocrx_word' id='word_1_234' title='bbox 376 2959 489 3039; x_wconf 88' lang='lat' dir='ltr'><strong>fuisse,</strong></span> <span class='ocrx_word' id='word_1_235' title='bbox 524 2979 595 3022; x_wconf 88' lang='lat' dir='ltr'><strong>cunr</strong></span> <span class='ocrx_word' id='word_1_236' title='bbox 627 2957 793 3023; x_wconf 87' lang='lat' dir='ltr'><strong>Caesarem</strong></span> <span class='ocrx_word' id='word_1_237' title='bbox 824 2959 1050 3036; x_wconf 83' lang='lat' dir='ltr'><strong>interfecisset,</strong></span> <span class='ocrx_word' id='word_1_238' title='bbox 1082 2957 1116 3022; x_wconf 92' lang='lat' dir='ltr'><strong>id</strong></span> <span class='ocrx_word' id='word_1_239' title='bbox 1139 2960 1221 3038; x_wconf 87' lang='lat' dir='ltr'><strong>quod</strong></span> 
     </span>
     <span class='ocr_line' id='line_1_32' title="bbox 162 3047 1221 3134; baseline 0.005 -25"><span class='ocrx_word' id='word_1_240' title='bbox 162 3065 291 3130; x_wconf 90' lang='lat' dir='ltr'><strong>prorsus</strong></span> <span class='ocrx_word' id='word_1_241' title='bbox 313 3067 331 3109; x_wconf 89' lang='lat' dir='ltr'><strong>a</strong></span> <span class='ocrx_word' id='word_1_242' title='bbox 353 3048 489 3111; x_wconf 87' lang='lat' dir='ltr'><strong>veritate</strong></span> <span class='ocrx_word' id='word_1_243' title='bbox 520 3047 667 3112; x_wconf 88' lang='lat' dir='ltr'><strong>abhorret</strong></span> <span class='ocrx_word' id='word_1_244' title='bbox 696 3069 752 3112; x_wconf 89' lang='lat' dir='ltr'><strong>neo</strong></span> <span class='ocrx_word' id='word_1_245' title='bbox 776 3049 944 3134; x_wconf 86' lang='lat' dir='ltr'><strong>quisquam</strong></span> <span class='ocrx_word' id='word_1_246' title='bbox 967 3068 1073 3112; x_wconf 88' lang='lat' dir='ltr'><strong>severe</strong></span> <span class='ocrx_word' id='word_1_247' title='bbox 1095 3053 1221 3116; x_wconf 88' lang='lat' dir='ltr'><strong>conten-</strong></span> 
     </span>
    </p>
   </div>
   <div class='ocr_carea' id='block_1_6' title="bbox 161 3133 1235 3756">
    <p class='ocr_par' dir='ltr' id='par_1_6' title="bbox 161 3133 1235 3756">
     <span class='ocr_line' id='line_1_33' title="bbox 161 3133 1221 3225; baseline 0.007 -27"><span class='ocrx_word' id='word_1_248' title='bbox 161 3133 232 3200; x_wconf 89' lang='lat' dir='ltr'><strong>dere</strong></span> <span class='ocrx_word' id='word_1_249' title='bbox 255 3137 372 3219; x_wconf 88' lang='lat' dir='ltr'><strong>potest,</strong></span> <span class='ocrx_word' id='word_1_250' title='bbox 400 3135 538 3198; x_wconf 90' lang='lat' dir='ltr'><strong>Brutum</strong></span> <span class='ocrx_word' id='word_1_251' title='bbox 560 3136 642 3200; x_wconf 89' lang='lat' dir='ltr'><strong>talia</strong></span> <span class='ocrx_word' id='word_1_252' title='bbox 665 3139 798 3202; x_wconf 89' lang='lat' dir='ltr'><strong>scribere</strong></span> <span class='ocrx_word' id='word_1_253' title='bbox 820 3143 967 3222; x_wconf 89' lang='lat' dir='ltr'><strong>potuisse.</strong></span> <span class='ocrx_word' id='word_1_254' title='bbox 1011 3135 1132 3202; x_wconf 88' lang='lat' dir='ltr'><strong>Brutus</strong></span> <span class='ocrx_word' id='word_1_255' title='bbox 1152 3139 1221 3225; x_wconf 88' lang='lat' dir='ltr'><strong>ipse</strong></span> 
     </span>
     <span class='ocr_line' id='line_1_34' title="bbox 161 3222 1235 3313; baseline 0.006 -26"><span class='ocrx_word' id='word_1_256' title='bbox 161 3228 193 3288; x_wconf 90' lang='lat' dir='ltr'><strong>et</strong></span> <span class='ocrx_word' id='word_1_257' title='bbox 222 3224 262 3288; x_wconf 89' lang='lat' dir='ltr'><strong>ab</strong></span> <span class='ocrx_word' id='word_1_258' title='bbox 286 3224 354 3288; x_wconf 89' lang='lat' dir='ltr'><strong>eius</strong></span> <span class='ocrx_word' id='word_1_259' title='bbox 383 3222 527 3308; x_wconf 87' lang='lat' dir='ltr'><strong>partibus</strong></span> <span class='ocrx_word' id='word_1_260' title='bbox 551 3226 605 3307; x_wconf 93' lang='lat' dir='ltr'><strong>qui</strong></span> <span class='ocrx_word' id='word_1_261' title='bbox 628 3225 770 3302; x_wconf 86' lang='lat' dir='ltr'><strong>stabant,</strong></span> <span class='ocrx_word' id='word_1_262' title='bbox 801 3227 895 3289; x_wconf 86' lang='lat' dir='ltr'><strong>etiam</strong></span> <span class='ocrx_word' id='word_1_263' title='bbox 918 3224 1035 3290; x_wconf 56' lang='lat' dir='ltr'><strong>*eodem</strong></span> <span class='ocrx_word' id='word_1_264' title='bbox 1065 3225 1131 3307; x_wconf 86' lang='lat' dir='ltr'><strong>die,</strong></span> <span class='ocrx_word' id='word_1_265' title='bbox 1159 3250 1235 3313; x_wconf 45' lang='lat' dir='ltr'><strong>quo,</strong></span> 
     </span>
     <span class='ocr_line' id='line_1_35' title="bbox 162 3311 1221 3401; baseline 0.006 -27"><span class='ocrx_word' id='word_1_266' title='bbox 162 3311 240 3376; x_wconf 89' lang='lat' dir='ltr'><strong>illud</strong></span> <span class='ocrx_word' id='word_1_267' title='bbox 267 3313 391 3377; x_wconf 89' lang='lat' dir='ltr'><strong>facinus</strong></span> <span class='ocrx_word' id='word_1_268' title='bbox 421 3313 576 3393; x_wconf 88' lang='lat' dir='ltr'><strong>fecerant,</strong></span> <span class='ocrx_word' id='word_1_269' title='bbox 604 3313 835 3399; x_wconf 88' lang='lat' dir='ltr'><strong>gladiatoribus</strong></span> <span class='ocrx_word' id='word_1_270' title='bbox 857 3314 896 3378; x_wconf 93' lang='lat' dir='ltr'><strong>D.</strong></span> <span class='ocrx_word' id='word_1_271' title='bbox 919 3315 1014 3380; x_wconf 90' lang='lat' dir='ltr'><strong>Bruti</strong></span> <span class='ocrx_word' id='word_1_272' title='bbox 1044 3317 1157 3401; x_wconf 83' lang='lat' dir='ltr'><strong>stipati</strong></span> <span class='ocrx_word' id='word_1_273' title='bbox 1187 3317 1221 3381; x_wconf 93' lang='lat' dir='ltr'><strong>in</strong></span> 
     </span>
     <span class='ocr_line' id='line_1_36' title="bbox 163 3397 1221 3489; baseline 0.009 -27"><span class='ocrx_word' id='word_1_274' title='bbox 163 3397 355 3484; x_wconf 88' lang='lat' dir='ltr'><strong>Capitolium</strong></span> <span class='ocrx_word' id='word_1_275' title='bbox 388 3403 553 3489; x_wconf 82' lang='lat' dir='ltr'><strong>fugerunt,</strong></span> <span class='ocrx_word' id='word_1_276' title='bbox 587 3408 681 3486; x_wconf 90' lang='lat' dir='ltr'><strong>atque</strong></span> <span class='ocrx_word' id='word_1_277' title='bbox 715 3400 824 3466; x_wconf 90' lang='lat' dir='ltr'><strong>Cicero</strong></span> <span class='ocrx_word' id='word_1_278' title='bbox 858 3405 927 3486; x_wconf 90' lang='lat' dir='ltr'><strong>ipse</strong></span> <span class='ocrx_word' id='word_1_279' title='bbox 953 3403 1032 3468; x_wconf 82' lang='lat' dir='ltr'><strong>ad</strong></span> <span class='ocrx_word' id='word_1_280' title='bbox 1062 3403 1113 3468; x_wconf 87' lang='grc' dir='ltr'><strong>ΙΙΙ</strong></span> <span class='ocrx_word' id='word_1_281' title='bbox 1144 3404 1221 3472; x_wconf 83' lang='lat' dir='ltr'><strong>Idus</strong></span> 
     </span>
     <span class='ocr_line' id='line_1_37' title="bbox 162 3487 1221 3577; baseline 0.008 -26"><span class='ocrx_word' id='word_1_282' title='bbox 162 3487 290 3573; x_wconf 89' lang='lat' dir='ltr'><strong>Apriles</strong></span> <span class='ocrx_word' id='word_1_283' title='bbox 313 3503 398 3556; x_wconf 84' lang='lat' dir='ltr'><strong>anno</strong></span> <span class='ocrx_word' id='word_1_284' title='bbox 421 3491 465 3556; x_wconf 84' lang='lat'><strong>44</strong></span> <span class='ocrx_word' id='word_1_285' title='bbox 475 3513 503 3556; x_wconf 89' lang='lat' dir='ltr'><strong>a.</strong></span> <span class='ocrx_word' id='word_1_286' title='bbox 517 3489 587 3556; x_wconf 86' lang='lat' dir='ltr'><strong>Chr.</strong></span> <span class='ocrx_word' id='word_1_287' title='bbox 603 3515 632 3556; x_wconf 93' lang='lat' dir='ltr'><strong>n.</strong></span> <span class='ocrx_word' id='word_1_288' title='bbox 649 3490 690 3556; x_wconf 92' lang='lat' dir='ltr'><strong>ad</strong></span> <span class='ocrx_word' id='word_1_289' title='bbox 705 3489 851 3556; x_wconf 85' lang='lat' dir='ltr'><strong>Atticum</strong></span> <span class='ocrx_word' id='word_1_290' title='bbox 874 3493 1003 3577; x_wconf 88' lang='lat' dir='ltr'><strong>scripsit</strong></span> <span class='ocrx_word' id='word_1_291' title='bbox 1012 3490 1049 3574; x_wconf 67' lang='grc'><strong>2);</strong></span> <span class='ocrx_word' id='word_1_292' title='bbox 1065 3542 1095 3573; x_wconf 88' lang='lat'><strong>„.</strong></span> <span class='ocrx_word' id='word_1_293' title='bbox 1108 3543 1115 3558; x_wconf 92' lang='lat'><strong>.</strong></span> <span class='ocrx_word' id='word_1_294' title='bbox 1128 3544 1135 3558; x_wconf 92' lang='lat'><strong>.</strong></span> <span class='ocrx_word' id='word_1_295' title='bbox 1148 3545 1154 3559; x_wconf 93' lang='lat'>.</span> <span class='ocrx_word' id='word_1_296' title='bbox 1167 3495 1221 3559; x_wconf 92' lang='lat' dir='ltr'><strong>sed</strong></span> 
     </span>
     <span class='ocr_line' id='line_1_38' title="bbox 163 3576 1220 3666; baseline 0.007 -25"><span class='ocrx_word' id='word_1_297' title='bbox 163 3576 250 3641; x_wconf 82' lang='lat' dir='ltr'><strong>vides</strong></span> <span class='ocrx_word' id='word_1_298' title='bbox 274 3580 371 3642; x_wconf 89' lang='lat' dir='ltr'><strong>etiam</strong></span> <span class='ocrx_word' id='word_1_299' title='bbox 394 3581 525 3662; x_wconf 85' lang='lat' dir='ltr'><strong>tyranni</strong></span> <span class='ocrx_word' id='word_1_300' title='bbox 548 3580 703 3646; x_wconf 89' lang='lat' dir='ltr'><strong>satellites</strong></span> <span class='ocrx_word' id='word_1_301' title='bbox 725 3581 759 3644; x_wconf 92' lang='lat' dir='ltr'><strong>in</strong></span> <span class='ocrx_word' id='word_1_302' title='bbox 782 3581 935 3666; x_wconf 87' lang='lat' dir='ltr'><strong>imperiis,</strong></span> <span class='ocrx_word' id='word_1_303' title='bbox 962 3579 1049 3646; x_wconf 85' lang='lat' dir='ltr'><strong>vides</strong></span> <span class='ocrx_word' id='word_1_304' title='bbox 1080 3583 1220 3648; x_wconf 88' lang='lat' dir='ltr'><strong>eiusdem</strong></span> 
     </span>
     <span class='ocr_line' id='line_1_39' title="bbox 162 3665 1222 3756; baseline 0.008 -26"><span class='ocrx_word' id='word_1_305' title='bbox 162 3670 333 3745; x_wconf 82' lang='lat' dir='ltr'><strong>exercitus,</strong></span> <span class='ocrx_word' id='word_1_306' title='bbox 355 3666 442 3731; x_wconf 88' lang='lat' dir='ltr'><strong>vides</strong></span> <span class='ocrx_word' id='word_1_307' title='bbox 465 3670 499 3731; x_wconf 91' lang='lat' dir='ltr'><strong>in</strong></span> <span class='ocrx_word' id='word_1_308' title='bbox 521 3669 620 3734; x_wconf 89' lang='lat' dir='ltr'><strong>latere</strong></span> <span class='ocrx_word' id='word_1_309' title='bbox 642 3675 823 3750; x_wconf 87' lang='lat' dir='ltr'><strong>veteranos,</strong></span> <span class='ocrx_word' id='word_1_310' title='bbox 846 3691 928 3755; x_wconf 91' lang='lat' dir='ltr'><strong>quae</strong></span> <span class='ocrx_word' id='word_1_311' title='bbox 949 3675 1025 3735; x_wconf 90' lang='lat' dir='ltr'><strong>sunt</strong></span> <span class='ocrx_word' id='word_1_312' title='bbox 1047 3665 1222 3756; x_wconf 70' lang='grc' dir='ltr'><strong><em>εὐρύπιστα</em></strong></span> 
     </span>
    </p>
   </div>
   <div class='ocr_carea' id='block_1_7' title="bbox 251 3912 561 4068">
    <p class='ocr_par' dir='ltr' id='par_1_7' title="bbox 251 3912 561 4068">
     <span class='ocr_line' id='line_1_40' title="bbox 253 3912 513 3980; baseline -0.004 -12"><span class='ocrx_word' id='word_1_313' title='bbox 253 3912 274 3980; x_wconf 86' lang='lat'><strong>¹)</strong></span> <span class='ocrx_word' id='word_1_314' title='bbox 290 3913 327 3968; x_wconf 85' lang='lat' dir='ltr'><strong>ad</strong></span> <span class='ocrx_word' id='word_1_315' title='bbox 345 3912 406 3969; x_wconf 79' lang='lat' dir='ltr'><strong>Att.</strong></span> <span class='ocrx_word' id='word_1_316' title='bbox 428 3915 469 3978; x_wconf 76' lang='lat'><strong>15,</strong></span> <span class='ocrx_word' id='word_1_317' title='bbox 489 3916 513 3968; x_wconf 85' lang='lat'><strong>5.</strong></span> 
     </span>
     <span class='ocr_line' id='line_1_41' title="bbox 251 3997 561 4068; baseline 0.003 -13"><span class='ocrx_word' id='word_1_318' title='bbox 251 3997 274 4068; x_wconf 77' lang='lat'><strong>²)</strong></span> <span class='ocrx_word' id='word_1_319' title='bbox 291 4000 328 4055; x_wconf 85' lang='lat' dir='ltr'><strong>ad</strong></span> <span class='ocrx_word' id='word_1_320' title='bbox 347 4002 408 4060; x_wconf 75' lang='lat' dir='ltr'><strong>att.</strong></span> <span class='ocrx_word' id='word_1_321' title='bbox 430 4000 471 4067; x_wconf 86' lang='lat'><strong>14,</strong></span> <span class='ocrx_word' id='word_1_322' title='bbox 490 3999 516 4067; x_wconf 79' lang='lat'><strong>5,</strong></span> <span class='ocrx_word' id='word_1_323' title='bbox 536 4003 561 4056; x_wconf 82' lang='lat'><strong>2.</strong></span> 
     </span>
    </p>
   </div>
   <div class='ocr_carea' id='block_1_8' title="bbox 0 0 1408 4458">
    <p class='ocr_par' dir='ltr' id='par_1_8' title="bbox 0 0 1408 4458">
     <span class='ocr_line' id='line_1_42' title="bbox 0 0 1408 4458; baseline 0 0"><span class='ocrx_word' id='word_1_324' title='bbox 0 0 1408 4458; x_wconf 95' lang='lat' dir='ltr'><strong> </strong></span> 
     </span>
    </p>
   </div>
  </div>
 </body>
</html>
