2782 4458
580 213 779 277 ...7-

150 411 221 454 cum
244 390 486 454 constituerent.
521 387 666 452 Fuerunt
688 387 772 452 enim
795 385 855 450 hae
879 385 1035 470 epistulae
1057 385 1123 465 (eas
1135 405 1218 448 unus

149 478 267 558 iudico,
300 500 380 563 quae
407 479 512 562 primo
535 477 609 541 libri
632 477 839 541 continentur
860 477 893 538 et
916 473 1060 538 codicum
1082 474 1217 538 auctori-

148 571 219 632 tate
233 567 393 646 nituntur)
419 571 493 630 ante
507 567 629 631 Baiteri
647 565 818 631 editionem
841 565 876 638 in
898 561 1008 628 eadem
1028 561 1219 642 condicione,

149 657 184 719 in
218 677 281 740 qua
313 653 474 727 Ciceronis
509 656 669 721 orationes
703 654 780 718 illae
808 656 964 738 quattuor
987 656 1060 737 post
1081 651 1219 716 reditum

152 745 278 808 habitae
306 750 381 807 ante
403 745 524 808 Halmii
554 744 748 830 praeclaram
772 742 952 807 editionem.
998 739 1113 826 Itaque
1136 760 1219 825 quae
1258 822 1260 828 y

150 832 334 896 Dietschius
368 833 417 905 de
440 834 564 898 Halmii
592 833 731 898 editione
754 830 915 896 Ciceronis
947 831 1127 894 orationum
1151 851 1220 914 pro-

149 921 257 1000 tulis)
281 921 512 1005 quodammodo
533 926 632 990 etiam
644 924 685 986 ad
697 924 755 987 has
774 920 943 1004 dequibus
960 921 1085 1004 agimus
1102 919 1218 1004 epistu-

150 1011 198 1074 las
232 1009 373 1076 adhiberi
408 1018 551 1096 possunt.
605 1011 695 1084 Quae
729 1010 933 1092 potissimum
976 1007 1038 1071 huo
1074 1011 1221 1092 spectant
1258 1032 1262 1039 ¹

151 1099 362 1164 transcribere
384 1123 450 1162 non
473 1097 674 1183 supersedeo:

150 1217 153 1221 ·
241 1189 264 1251 l.
285 1208 310 1251 o.
334 1209 386 1270 pg.
413 1185 495 1249 529:
529 1221 588 1264 „-
613 1186 683 1249 eine
707 1183 970 1270 Untersuchung,
1000 1184 1121 1249 welche
1142 1185 1221 1250 iiber

151 1276 203 1338 die
226 1273 366 1357 Spraohe
404 1274 490 1338 eines
513 1273 651 1339 Werkes
685 1273 858 1360 angestellt
891 1271 981 1354 wird
1012 1295 1101 1337 muss
1128 1274 1220 1338 einen

150 1362 288 1425 kritisoh
318 1362 527 1449 berichtigten
559 1364 642 1428 Text
673 1385 730 1428 zur
756 1362 849 1426 Basis
872 1361 989 1442 haben,
1023 1361 1106 1426 ohne
1128 1363 1221 1426 einen

151 1449 280 1514 solchen
310 1451 440 1516 verliert
462 1455 509 1517 sie
532 1452 592 1517 den
615 1452 724 1517 Boden
755 1456 851 1515 untsr
882 1449 943 1515 den
964 1450 1115 1517 Fiissen.“
1161 1451 1221 1532 „Es

151 1539 196 1603 ist
217 1538 325 1624 bisher
348 1563 388 1604 zu
411 1545 519 1628 wenig
541 1542 660 1606 darauf
678 1540 840 1628 geachtet,
866 1561 927 1604 ror
949 1540 1042 1604 aliem
1066 1539 1159 1603 dafiir
1181 1563 1221 1604 uu

151 1649 272 1712 sorgen,
295 1629 389 1693 einen
412 1634 573 1695 correcten
589 1631 667 1695 Text
689 1628 755 1692 und
779 1627 882 1692 damit
904 1629 974 1692 eine
996 1627 1106 1693 wahre
1129 1627 1221 1692 Basis

154 1737 214 1778 aur
235 1715 487 1803 Untersuchung
509 1739 549 1781 au
571 1717 768 1804 gewinnen.“

243 1802 319 1866 ibid.
341 1825 394 1888 pg.
420 1809 501 1869 530:
525 1805 631 1886 „Statt
654 1805 753 1870 durch
768 1805 1007 1890 Vergleichung
1029 1827 1093 1870 von
1115 1805 1221 1869 Hand-

153 1891 306 1955 sohriften
342 1894 434 1957 emen
469 1900 631 1960 eorrecterr
654 1894 737 1959 Text
767 1895 992 1974 hernustellen,
1022 1894 1147 1959 blieben
1171 1895 1223 1960 die

152 1978 377 2066 Vertheidiger
401 1982 455 2047 der
469 1983 650 2049 Authentie
672 1983 771 2048 lieber
793 1984 845 2050 bei
868 1983 938 2048 dem
962 1984 1082 2048 einmal
1103 1984 1235 2070 gelteu··

151 2068 213 2133 den
236 2067 320 2133 Text
351 2071 463 2136 stchen
486 2072 553 2137 und
575 2073 683 2137 halfen
706 2073 787 2154 sich,
812 2095 861 2140 wo
883 2075 955 2137 eine
976 2079 1128 2158 corrupte¹
1147 2072 1223 2138 oder

151 2156 272 2219 falsohe
294 2163 405 2222 Lesart
427 2161 495 2224 sich
517 2161 628 2241 findet,
657 2162 755 2226 lieber
777 2163 839 2227 mit
861 2161 922 2227 den
945 2161 1222 2247 abgeschmackte-

152 2248 223 2307 steu
246 2244 312 2308 und
333 2248 558 2331 gesuchtesten
584 2250 827 2336 Erkl'arungen,
856 2273 911 2315 um
934 2249 1014 2316 doch
1037 2251 1124 2317 diese
1147 2251 1222 2316 oder

149 2334 222 2416 jene
244 2330 345 2398 Stelle
377 2335 448 2400 dem
472 2335 582 2403 Oicero
612 2361 652 2402 zu
675 2339 879 2404 vindioiren.“
923 2339 1007 2420 „Der
1034 2341 1132 2422 Text,
1160 2342 1222 2405 wie

152 2422 212 2486 wir
234 2421 291 2485 ihn
314 2424 349 2486 in
365 2423 419 2490 der
435 2425 638 2492 Halms'ohen
651 2426 806 2513 Ausgabe
828 2451 885 2494 vor
906 2451 966 2492 uns
990 2429 1101 2510 haben,
1125 2435 1222 2514 zeugt

152 2507 224 2573 laut
257 2511 354 2575 wider
388 2515 443 2594 sie,
476 2516 583 2579 indam
618 2517 687 2581 sich
718 2518 788 2581 hier
819 2516 971 2580 Manohes
1002 2516 1051 2581 als
1081 2521 1224 2582 erratum

153 2595 357 2659 librariorum
392 2602 542 2664 erwiesen
572 2605 645 2676 hat,
676 2626 745 2668 was
766 2605 940 2674 Markland
963 2604 1034 2668 dem
1057 2607 1223 2690 ingenium

156 2680 210 2747 des
233 2703 343 2747 armen
366 2685 547 2751 Verfassers
570 2688 747 2754 aufbiirden
769 2691 904 2755 wollte.“

242 2771 488 2856 Verumtamen,
519 2799 559 2841 ne
582 2776 763 2842 Hermanno
794 2778 945 2842 iniuriam
967 2778 1099 2860 faciam,
1131 2785 1222 2867 quasi

153 2881 283 2946 prorsus
317 2884 427 2928 earum
459 2887 564 2930 rerum
588 2867 754 2954 negligens
776 2867 889 2946 fuerit,
923 2867 992 2952 ipse
1015 2869 1180 2936 contendit
1189 2871 1222 2952 ²),

153 2957 279 3031 saepius
297 2951 331 3013 in
344 2955 548 3039 antiquitatis
564 2956 777 3021 monumentis
796 2957 961 3022 barbariae
972 2958 1110 3044 vestigia
1120 2959 1161 3025 ad
1173 2960 1222 3025 de

154 3037 340 3121 scriptorem
359 3045 460 3128 magis
482 3065 573 3128 quam
596 3045 638 3109 ad
657 3047 843 3132 scriptorem
855 3046 1019 3111 referenda
1031 3068 1106 3112 esse.
1132 3047 1222 3114 Idem

153 3127 218 3191 fere
248 3125 335 3190 cadit
349 3129 399 3192 ·in
421 3131 606 3218 Zumptium
619 3131 652 3216 ³).
699 3133 793 3208 Quod
815 3157 911 3218 quam
935 3141 1082 3222 augustis
1104 3137 1221 3203 finibus

153 3216 360 3281 Hermannus
383 3217 674 3306 circumscripserit,
697 3245 736 3288 ex
759 3225 799 3287 iis
822 3246 906 3308 quae
925 3230 1102 3309 sequuntur
1116 3227 1222 3292 verbis

154 3311 298 3388 apparet:
321 3304 541 3394 „Quamquam
557 3309 687 3375 sedulo“
702 3313 808 3398 pergit
831 3313 1022 3392 „cavendum
1034 3311 1091 3395 est,
1113 3337 1153 3380 ne
1168 3318 1221 3381 cui

154 3389 274 3456 idcirco
289 3393 552 3480 haopraelatioue
568 3397 616 3463 uti
631 3398 804 3481 videamur,
819 3423 880 3485 quo
898 3408 1000 3468 totam
1012 3404 1221 3488 epistularum

153 3478 288 3543 formam
305 3485 500 3552 emendando
516 3486 604 3552 velut
622 3488 782 3574 refingere,
803 3488 941 3575 dumque
961 3512 1069 3556 earum
1085 3493 1221 3558 auctori-

153 3573 255 3632 tatem
268 3574 424 3654 tueamur,
440 3575 585 3641 codicum
597 3576 693 3642 fidem
710 3599 829 3663 susque
847 3579 1221 3667 dequehabereproposi·

153 3660 224 3721 tum
235 3658 287 3739 sit,
307 3665 404 3725 immo
416 3665 575 3747 praeclare
587 3667 754 3732 nobiscum
766 3670 874 3754 agitur
894 3669 1062 3752 quodcum
1079 3673 1221 3735 omnium

153 3745 312 3829 locorum,
347 3750 405 3833 qui
434 3754 486 3819 uel
518 3754 712 3820 lenissimam
743 3757 899 3822 medelam
928 3763 1082 3842 poscunt,
1118 3759 1220 3824 multo

243 3973 264 4112 l
282 3974 626 4122 erabescere.

242 4109 264 4180 ⁸)
282 4114 323 4168 De
343 4115 398 4174 (lic.
419 4119 456 4176 ad
474 4121 553 4180 Brut.
573 4124 603 4179 et
625 4123 704 4178 bruti
713 4123 749 4180 ud
759 4123 816 4181 oio.
837 4129 907 4182 mat.
925 4143 990 4197 epp.
1010 4143 1059 4196 pg.
1077 4127 1104 4185 1.
1122 4127 1165 4185 27.
1176 4127 1220 4183 30.
