2782 4458
445 187 450 194 ’
567 181 785 272 419..

143 401 260 469 eo'rum,
285 389 339 476 qni
362 389 400 455 de
423 387 593 453 foederatis
617 382 799 449 civitatibus
824 383 907 448 esset
918 379 1047 446 civitate
1062 378 1209 457 donatus,

142 482 176 546 in
198 478 351 546 iudicium
374 480 423 544 est
446 477 622 542 vesatasm

187 619 306 708 Epist.
319 617 352 703 1,
364 615 446 700 ‘dle
471 639 590 702 „quum
615 619 652 681 tu
675 636 712 680 eo
736 614 874 699 quinque
885 571 1033 699 legiones,
1057 610 1212 698 optimum

224 724 227 730 '
271 711 461 795 equitatum,
484 706 623 774 maxima
646 703 763 770 auxilia
785 703 963 768 haberes?“

234 835 369 901 Prorsus
398 833 638 920 exagitaverunt
661 827 869 916 epistularum
900 827 1124 892 obtrectatores
1153 825 1213 890 hoo

144 929 215 1010 loco
239 923 425 990 vocabulum
450 923 541 1002 „eo“‚
566 917 651 1005 quod
674 939 732 1002 pro
756 915 991 1000 „ibi‘positum
1004 919 1095 992 esset,
1119 916 1215 998 atque

147 1017 312 1100 Zumptius
334 1033 490 1092 nusquam
513 1007 591 1074 alias
616 1009 696 1085 „eo“
720 1027 777 1089 pro
802 1004 887 1082 „ium
910 1003 975 1088 legi
1001 1003 1136 1068 dilucide
1158 1003 1213 1067 de-

146 1103 337 1170 monstravit
349 1100 384 1184 1).
418 1103 528 1183 Itaque
551 1096 753 1161 Hermannus
777 1093 887 1172 „loco“
910 1093 1078 1158 subaudire
1097 1093 1213 1171 uoluit,

147 1193 228 1275 quod
250 1188 496 1274 Wesenbergius
519 1187 554 1249 in
576 1186 702 1250 textum
724 1181 852 1268 recepit.
899 1181 968 1258 Quo
995 1182 1214 1266 supplemento

146 1305 213 1347 non
237 1301 316 1365 opus
340 1299 415 1356 esse,
438 1271 685 1342 Licborkuehnii
709 1271 872 1352 explicatio
896 1272 989 1336 huius
1011 1272 1074 1336 loci
1089 1271 1213 1336 demon·

148 1373 248 1434 strare
281 1366 359 1432 mihi
392 1361 554 1446 videtu12)
598 1369 627 1428 Is
662 1361 746 1426 enim
778 1361 956 1443 contendit,
987 1359 1214 1426 sententiarum

150 1479 267 1524 nexum
289 1456 417 1522 omnino
441 1475 506 1519 non
529 1451 610 1533 „ibr‘
635 1451 688 1517 vel
711 1471 766 1533 „eo
790 1451 879 1515 loco“
901 1451 1078 1534 requirere3
1113 1471 1215 1533 neque

148 1546 231 1614 enim
253 1545 347 1613 Bruti
367 1544 484 1610 milites
509 1539 692 1608 Chersonesi
722 1543 863 1605 versatos
893 1561 974 1616 cese,
1004 1537 1058 1604 s'ed
1082 1537 1215 1603 Brutum

72 1633 80 1650 ⁹
149 1637 290 1722 quinque
312 1634 452 1722 legiones
475 1635 507 1696 et
530 1631 707 1716 equitatum
730 1650 766 1693 co
789 1628 901 1692 ducere
923 1632 1049 1692 tantum
1065 1628 1214 1707 potuisse,

148 1727 230 1791 sicut
252 1725 417 1809 appareret
439 1743 475 1785 er
497 1719 605 1785 eadem
632 1713 818 1806 epistula'?)=
841 1715 975 1801 „ltaque
999 1717 1083 1800 quod
1105 1716 1215 1781 scribis

148 1819 259 1899 postea
282 1812 430 1877 statuisse
452 1813 485 1874 te
508 1805 619 1874 ducere
642 1806 814 1873 exercitum
836 1805 871 1869 in
894 1804 1123 1872 Chersonesum
1157 1827 1216 1871 nec

148 1905 217 1988 pati
247 1900 494 1968 sceleratissimo·
523 1898 609 1965 hosti
639 1896 772 1962 ludibrio
803 1917 869 1960 esse
903 1894 1070 1980 imperium
1106 1895 1216 1979 populi
1336 1892 1339 1898 ’

149 1992 303 2070 Romani,
339 1990 413 2056 fecis
446 2010 481 2053 cx
511 1989 669 2075 dignitate
698 1989 755 2051 tua
778 1990 811 2052 et
833 2007 850 2050 e
872 1984 1059 2070 republioa“.
1104 1988 1215 2068 Itaque

149 2080 309 2148 sententia
332 2101 449 2164 „quum
472 2084 509 2144 tu
532 2100 568 2143 eo
592 2113 634 2124 -
658 2076 810 2142 haberes“
834 2097 889 2160 per
914 2073 1061 2164 ἔλλειψιν
1072 2072 1157 2138 dicta
1169 2077 1217 2138 est

150 2191 222 2254 pro:
257 2189 369 2251 „quum
399 2173 437 2232 tu
460 2188 496 2230 co
527 2167 667 2250 quinque
698 2167 837 2252 legiones
868 2165 999 2230 haberes
1027 2163 1216 2231 ducendas“.

152 2256 262 2340 Atque
291 2275 399 2319 revera
428 2255 461 2318 in
495 2253 565 2319 aliis
596 2276 720 2339 quoque
744 2253 903 2320 Ciceronis
926 2253 1069 2338 epistulis
1092 2252 1216 2338 saepius

151 2347 269 2433 legitur
302 2343 374 2410 talis
406 2343 638 2432 praetermissio
674 2365 782 2410 eorum
812 2343 1012 2429 potissimum
1043 2347 1214 2420 verborum,

151 2436 185 2500 in
209 2434 322 2520 quibus
345 2433 440 2500 eundi
461 2434 512 2500 vel
533 2431 679 2500 veniendi
701 2433 749 2498 vie
771 2433 806 2498 in
828 2437 884 2498 est.
918 2431 1112 2507 Quinetiam
1135 2453 1215 2496 non·

152 2545 312 2606 nunquam
351 2524 503 2588 scribendi
539 2522 669 2587 licentia
706 2544 806 2606 usque
847 2544 884 2586 eo
917 2520 1135 2606 progreditur,
1169 2524 1214 2600 ut,

153 2611 381 2695 „quodcunque
403 2611 534 2674 verbum
557 2615 613 2674 aut
636 2633 671 2675 ex
692 2609 748 2688 iis,
779 2631 860 2692 quae
883 2610 953 2694 quis
977 2609 1137 2694 attigerit,
1167 2608 1216 2674 vel
1266 2649 1270 2654 -

151 2701 254 2786 ipsum
276 2697 327 2763 vel
349 2698 404 2777 ita,
429 2701 466 2760 ut
488 2701 659 2783 cognatum
681 2695 838 2782 quoddam
861 2697 894 2760 in
917 2697 983 2760 eius
1005 2697 1110 2761 locum
1132 2699 1214 2784 cogi-

151 2789 248 2855 tando
269 2787 492 2866 substituatur,
515 2791 570 2851 aut
593 2809 627 2851 ex
650 2786 736 2852 omni
759 2806 863 2850 rerum
879 2785 1073 2864 condicione,
1098 2785 1136 2851 dc
1152 2806 1216 2870 qua

138 2882 282 2966 ⁸agatur,
306 2878 406 2962 possit
427 2877 561 2963 repeti“‚
585 2875 734 2943 licentius
757 2873 1073 2961 praetermittatur⁴l‚
1097 2874 1215 2940 veluti:

151 2965 192 3030 ad
216 2966 285 3032 Att.
320 2969 379 3044 16,
411 2967 442 3045 4,
469 2967 505 3034 1;
538 2965 695 3046 „Quintus
718 2965 803 3032 enim
827 2964 925 3031 altero
949 2964 999 3029 dic
1022 2986 1055 3028 se
1078 2964 1215 3030 aiebat“.

152 3078 194 3121 sc.
219 3053 353 3119 Romam
376 3058 599 3142 perventurum
623 3078 699 3122 esse.
739 3055 777 3120 ad
800 3053 890 3120 Fam.
912 3055 961 3134 16,
978 3055 1031 3131 24,
1056 3053 1093 3119 2;
1118 3053 1216 3134 „Puto

151 3147 321 3228 utrumque
343 3143 384 3210 ad
407 3148 526 3228 aquas“
550 3167 590 3213 sc.
616 3143 792 3231 profectum
817 3147 915 3210 esse“.
950 3143 991 3208 ad
1013 3141 1099 3207 Fam.
1120 3144 1171 3221 16,
1187 3144 1216 3207 7:

152 3233 240 3313 „Nec
279 3231 416 3299 mirabar
450 3232 529 3298 nihil
559 3257 577 3298 a
607 3237 639 3300 te
667 3236 867 3300 litterarum“
905 3254 951 3312 sc„
977 3231 1108 3298 missum
1139 3254 1214 3298 esse.

153 3323 193 3388 ad
215 3321 304 3390 Fam.
329 3324 359 3406 9,
373 3323 424 3403 18,
437 3321 472 3388 4:
498 3321 620 3400 „Video
643 3327 676 3407 te
698 3323 782 3388 bona
803 3321 992 3406 perdidisse3
1027 3344 1118 3406 spero
1133 3321 1216 3386 idem

151 3411 234 3479 istuc
255 3409 426 3480 familiares
448 3414 542 3477 tuos“
566 3434 607 3479 sc.
632 3433 740 3499 passos
756 3433 833 3478 esee.
866 3409 953 3487 Quae
976 3433 1047 3476 curn
1070 3411 1116 3475 ita
1139 3413 1214 3491 sint,

152 3523 217 3567 non
241 3500 447 3567 dubitaverim
469 3502 529 3594 hoc
552 3524 677 3588 quoque
691 3502 760 3568 loco
776 3522 847 3566 cum
858 3500 1108 3566 Lieberkuehnio
1128 3500 1215 3566 simi·

150 3592 211 3656 lem
235 3589 392 3656 scribendi
413 3590 574 3658 licentiam
597 3595 746 3658 statuere.
771 3627 812 3638 -

217 3678 279 3746 Sed
301 3685 407 3745 tamen
431 3701 502 3746 cunr
524 3704 588 3748 non
599 3681 793 3770 propositum
806 3680 858 3760 sit,
881 3679 996 3746 harum
1008 3679 1214 3764 epistularum

150 3769 343 3836 latinitatem
374 3768 562 3856 singillatim
594 3771 719 3852 rimari,
749 3770 804 3837 sed
832 3770 1047 3836 demonstrare
1077 3774 1214 3848 tantum,

233 3929 254 3998 1)
273 3929 314 3985 De
333 3928 389 3986 Cio.
411 3928 448 3986 ed
465 3929 546 3984 Brut.
566 3945 631 4056 epp.
649 3949 697 4002 pg.
718 3927 760 3984 13.

230 3999 254 4142 :3
271 4001 373 4058 Jenaer
391 4000 562 4072 allgemeine
603 3999 840 4070 rtemturaaitung
861 3999 936 4058 1846.
955 4016 1005 4069 pg.
1027 4002 1103 4057 1179.

271 4072 308 4128 ed
326 4073 405 4130 Brut.
426 4075 450 4139 1,
469 4072 495 4138 2,
514 4072 541 4128 2.

233 4142 257 4214 ⁶)
277 4143 397 4201 Stinner.
416 4144 436 4200 l.
455 4162 478 4200 o.
497 4141 542 4198 111.
562 4161 609 4216 pg.
628 4143 672 4199 20.
