2782 4458
480 146 808 232 1-41-

159 331 371 415 ridebatur¹),
401 350 513 412 parum
543 325 709 390 vehemens
739 326 771 387 et
793 321 904 408 plenus
929 319 1041 404 fuiti).
1087 321 1228 387 Verunt-

156 430 263 490 tamen
286 418 435 487 obiecerit
457 415 533 480 mihi
556 413 689 478 fortasse
711 411 837 495 aliquis,
861 410 953 474 facile
971 411 1106 496 cogitari
1126 432 1227 496 posse,

157 515 253 578 etium
277 511 415 573 Brutum
448 505 609 569 irritatum
643 501 786 566 siccitate
820 500 964 583 deposita
997 501 1088 584 quasi
1109 500 1229 564 flumen

158 598 281 665 dicendi
293 599 383 662 edere
394 594 544 680 potuisse.
578 591 638 656 Sed
654 595 690 654 ut
705 590 866 665 omittam3
890 588 1003 652 harum
1019 589 1223 674 epistularum

161 709 336 753 sermonem
351 705 422 749 cum
445 703 551 747 earum
568 702 710 745 sermone
725 700 911 764 repugnare,
936 699 1016 764 quae
1038 678 1148 742 eodem
1163 676 1230 742 fere

160 782 303 861 tempore
325 773 459 857 scriptae
482 776 573 847 sunt,
597 770 680 834 sicut
703 789 797 852 supra
820 769 1046 845 demonstravi,
1071 766 1228 851 quomodo

162 887 233 930 cum
265 884 419 939 sermone,
457 861 512 944 qui
538 859 588 923 his
610 860 645 920 in
667 856 811 941 epistulis
840 858 961 934 exstat,
997 857 1029 921 id
1063 857 1230 921 convenire

161 957 276 1038 potest,
301 952 384 1036 quod
406 972 442 1015 111
465 948 602 1032 epistula
625 945 719 1008 huius
743 945 883 1028 corporis
906 943 933 1022 Ι,
954 947 993 1010 13
1017 945 1089 1010 elici
1110 948 1227 1029 potest,

163 1046 198 1106 in
222 1063 285 1127 qua
309 1041 427 1104 Brutus
448 1059 507 1120 pro
530 1035 655 1110 sororis,
680 1054 771 1111 quam
786 1032 927 1116 Lepidus
944 1032 979 1096 in
994 1035 1232 1098 matrimonium

163 1131 305 1206 duxerat,
331 1127 437 1191 liberis
459 1127 607 1208 precatur
630 1127 725 1206 atque
748 1122 788 1186 ad
812 1125 984 1186 extremum
1007 1122 1107 1186 addit:
1132 1123 1231 1200 „scri-

164 1221 238 1282 bere
272 1216 373 1279 multa
406 1213 445 1276 ad
479 1219 511 1276 te
543 1233 645 1290 neque
678 1233 806 1295 possum
840 1233 916 1296 prae
951 1211 1162 1277 sollicitudine
1197 1232 1233 1274 ac

166 1304 332 1368 stomacho
348 1323 449 1386 neque
465 1299 570 1383 debeo,
594 1322 676 1382 nam,
699 1302 727 1364 si
749 1301 783 1363 in
805 1299 899 1364 tanta
920 1323 955 1366 re
978 1307 1106 1385 tamque
1129 1321 1233 1364 neces·

168 1394 253 1458 ruia
283 1392 387 1458 verbis
417 1390 498 1454 mihi
524 1411 603 1476 opus
637 1396 686 1454 est
716 1388 758 1453 ad
787 1395 819 1454 te
842 1389 1047 1455 excitandum
1070 1394 1102 1454 et
1125 1387 1234 1453 coufir-

90 1522 92 1539 .
169 1481 329 1564 roardum,
351 1480 445 1544 nulla
460 1481 538 1563 's'pes
562 1484 624 1558 est,
646 1479 806 1542 facturum
829 1483 869 1558 te,
893 1478 978 1562 quod
1001 1478 1073 1543 volo
1097 1483 1129 1542 et
1153 1476 1237 1560 quod

168 1576 309 1658 oportet,
343 1590 439 1653 quare
474 1567 542 1630 noli
578 1572 761 1649 exspectare
792 1567 903 1650 longas
935 1565 1082 1650 preces“?
1127 1565 1237 1647 Atque

170 1682 241 1722 eum
254 1679 290 1720 eo
304 1657 433 1739 quidem
446 1675 589 1718 sermone
606 1654 723 1738 optime
739 1655 933 1719 conveniunt
956 1675 999 1734 11,
1023 1673 1105 1736 quae
1127 1651 1238 1718 Cicero

172 1749 241 1831 ipse
272 1743 310 1808 de
339 1744 440 1807 Bruto
464 1741 661 1807 iudicaverat
683 1743 721 1804 in
744 1742 883 1826 epistula
905 1741 947 1805 ad
969 1741 1117 1806 Atticum
1141 1763 1237 1826 supra

173 1830 341 1912 laudatai),
389 1832 488 1895 Porro
506 1830 698 1894 Plutarchus
721 1829 878 1910 narrata,
900 1830 1040 1893 Brutum
1062 1831 1094 1892 iu
1120 1830 1237 1914 epistu-

170 1923 209 1987 lis
234 1919 468 1985 couscribendis
490 1919 681 1984 brevitatem
703 1918 895 1983 Laconicam
919 1917 1106 1984 adhibuisse.
1144 1915 1239 1991 Quod

170 2012 268 2074 etiam
292 1998 547 2094 epistula‘huius
570 2009 708 2086 corporis
723 2007 928 2094 confirmatur
941 2004 976 2089 ⁵),
994 2013 1028 2071 in
1049 2029 1112 2090 qua
1128 2004 1239 2071 Cicero

170 2101 238 2181 ipse
252 2098 442 2161 brevitatem
467 2098 675 2174 epistuloruru
699 2119 719 2160 1
741 2097 842 2161 Bruto
867 2098 1058 2182 scriptarum
1081 2096 1240 2180 queritur:

171 2185 303 2264 ,Breues
319 2185 448 2248 litterae
471 2193 553 2265 tuae,
577 2186 686 2250 breves
710 2185 804 2248 dico?
827 2187 925 2249 immo
948 2186 1071 2265 nullac;
1086 2184 1241 2250 tribusne

171 2272 336 2338 versieulis
358 2273 410 2336 his
433 2272 629 2358 temporibus
648 2274 770 2338 Brutus
793 2273 835 2336 ad
857 2273 932 2338 me?
956 2269 1039 2337 nihil
1062 2273 1241 2358 scripsisses

172 2361 301 2446 potius“.
346 2361 397 2424 Ex
428 2363 544 2445 quibus
574 2362 719 2444 omnibus
741 2362 801 2426 hoc
830 2368 915 2426 certe
947 2363 1153 2427 manifestum
1185 2368 1242 2442 est,

176 2451 309 2512 Brutum
339 2472 379 2513 ne
409 2451 560 2515 verbosus
591 2457 624 2516 et
653 2451 769 2536 longus
796 2456 879 2514 esset
901 2452 1024 2515 cavisse
1046 2471 1149 2536 neque
1171 2450 1240 2514 fuse

174 2538 305 2620 lateque
337 2539 529 2600 sententiam
559 2559 650 2602 suam
681 2540 813 2602 solitum
844 2560 911 2601 esse
941 2539 1139 2623 argumentis
1162 2560 1243 2605 com-

174 2624 317 2709 probare.
363 2629 474 2706 Itaque
507 2646 571 2688 non
602 2624 755 2705 adducor,
786 2630 822 2689 ut
852 2625 992 2705 credam,
1023 2627 1160 2690 Brutum
1191 2628 1243 2692 vel

173 2713 339 2777 irritatum
375 2733 408 2776 se
442 2712 619 2796 profudisse
658 2715 693 2776 in
718 2719 856 2777 stantum
890 2714 1058 2778 verborum
1096 2715 1243 2779 inanium

176 2803 359 2886 strepitum,
385 2801 500 2885 quibus
524 2800 605 2867 duae
628 2803 805 2866 sententiae
827 2823 929 2886 usquo
952 2805 1149 2888 repetantur.

268 2906 414 2992 Apparet
437 2909 553 2994 igitur,
586 2909 713 2990 opinor,
747 2909 1005 2974 luculentissime
1027 2930 1067 2973 111
1090 2909 1244 2990 omnibus,

177 3014 260 3077 quae
289 2996 498 3079 protulimus,
529 3019 594 3079 res,
629 3020 710 3083 quae
738 2999 848 3084 paucis
879 3003 1007 3063 tantum
1025 2991 1114 3063 'locis
1138 2997 1187 3062 his
1209 2998 1244 3062 in

176 3083 282 3168 longis
305 3083 451 3168 epistulis
474 3092 776 3168 commemorantur,
806 3108 874 3152 esse
896 3108 1024 3172 prorsus
1047 3087 1244 3172 depravatas,

177 3172 448 3262 ratiocinationes,
471 3195 551 3256 quae
574 3197 702 3259 prorsus
724 3175 884 3240 rhetorem
907 3182 1032 3255 sonant,
1053 3175 1131 3240 adeo
1153 3196 1244 3261 gene·

179 3262 276 3324 ratim
299 3265 332 3325 et
354 3263 501 3326 universe
517 3267 644 3341 tautum
663 3284 731 3328 esse
746 3265 895 3348 prolatas,
917 3269 955 3328 ut
969 3264 1062 3329 facile
1074 3286 1094 3329 a
1108 3264 1245 3349 propriis

178 3350 320 3432 personis
343 3355 377 3414 et
398 3351 592 3436 temporibus
613 3372 747 3416 avocare
758 3357 856 3435 atque
868 3352 902 3416 iu
914 3353 979 3417 alia
989 3353 1105 3430 similis
1120 3354 1244 3437 generis

178 3434 350 3501 transferre
371 3460 494 3521 posses,
523 3461 625 3522 genus
647 3441 802 3504 orationis
825 3438 902 3505 adeo
924 3441 1028 3506 fusum
1052 3446 1085 3506 et
1105 3445 1245 3506 tractum

180 3544 256 3604 esse,
278 3529 316 3588 ut
338 3545 410 3588 curn
432 3527 530 3594 Bruti
553 3528 639 3609 erili,
662 3527 760 3611 arido,
783 3531 917 3612 conciso,
938 3530 1066 3594 minuto
1078 3529 1245 3595 convenire

267 3769 292 3873 j)
311 3771 348 3826 ad
366 3771 490 3855 111111,
510 3773 553 3840 ar,
574 3775 598 3830 1.
635 3775 790 3834 1111111.
810 3776 851 3832 rs.

270 3843 561 4014 11101111111151.

273 3983 294 4123 ὅ1
310 3986 444 4114 1111111
466 4058 489 4122 1,
509 4058 552 4124 11,
573 4061 597 4114 1.
