2782 4458
580 198 835 300 -so-u·

304 403 351 445 ne
372 380 480 444 irato
504 377 678 456 serviat,
700 393 784 439 rem
807 373 944 457 ipsam
965 389 1048 432 non
1069 366 1219 449 depre-

306 470 454 534 catur.“

203 573 268 639 111111
292 574 338 656 11).
362 573 417 655 §2
439 571 508 638 fin:
531 571 628 636 immo
652 567 892 652 triumphum
915 567 956 630 et
977 560 1221 648 stipendium

308 661 503 727 decernit
525 664 565 724 et
587 659 772 734 omnibus
801 652 983 720 decretis
1005 652 1220 729 hortatur,

308 773 355 816 ne
393 751 484 816 eius
521 749 639 835 pudeat
670 744 890 830 concupiscere
916 741 1095 822 fortunam,
1133 741 1223 806 ouius

309 861 425 905 nomen
447 837 649 924 susceperit.“

203 945 268 1012 sub
293 949 338 1020 11).
363 945 380 1029 ἓ
404 948 442 1012 4:
466 945 527 1011 Sed
550 943 642 1008 redeo
666 943 705 1007 ad
729 939 918 1027 Ciceronem.
969 937 1074 1012 Quid
1107 937 1225 1003 inter

308 1035 587 1102 Salvidienum
618 1034 658 1095 et
688 1050 772 1096 eum
800 1026 1003 1091 interest?
1033 1025 1132 1110 quid
1155 1048 1224 1092 au·

290 1116 384 1189 'tem
407 1121 588 1208 amplius
611 1117 686 1184 ille
708 1116 998 1182 decerneret?“

204 1231 269 1302 sub
291 1234 340 1312 11).
363 1229 472 1306 ‚ibide
494 1226 600 1293 'limet
615 1228 725 1314 igitur,
735 1224 868 1310 inquies,
881 1222 1064 1290 etiamnunc
1078 1225 1227 1312 reliquias

310 1319 385 1388 belli
407 1316 519 1385 civilis.
558 1315 775 1400 Quisquam
797 1334 890 1400 ergo
912 1313 968 1378 ita
990 1314 1109 1380 timet
1130 1337 1225 1400 pro·

311 1408 521 1494 stipatum,
550 1412 592 1472 ut
614 1426 745 1491 neque
767 1402 1004 1482 potentiam
1028 1402 1129 1486 eius,
1156 1405 1227 1488 qui

311 1496 539 1565 exercitum
562 1497 754 1573 victorem
777 1492 920 1568 habet,
943 1513 1077 1577 neque
1099 1496 1227 1558 teme·

311 1588 474 1653 ritatem
490 1584 606 1668 pueri
623 1579 1089 1666 putetextimescondam
1102 1582 1227 1647 esso?“

208 1691 273 1758 111111
297 1695 344 1773 a).
366 1690 457 1755 ibit:
496 1709 559 1766 „an
590 1687 651 1753 hoo
680 1688 783 1772 ipsum
814 1705 851 1749 ea
879 1707 914 1750 re
941 1684 1038 1763 facit,
1070 1686 1154 1769 quod
1182 1687 1229 1752 illi

314 1781 477 1865 propter
499 1775 816 1861 amplitudinem
840 1774 978 1838 omnia
1000 1774 1228 1841 iamultro·

315 1889 392 1953 que
414 1863 817 1949 (111111611111111111111ιι

210 1972 276 2056 sub
299 1971 342 2054 11).
366 1972 460 2039 ibici:
484 1993 525 2050 „o
548 1991 698 2056 magnum
721 1969 891 2034 stultitiam
901 1968 1047 2063 timoris,
1070 1969 1229 2055 idipsum,

306 2062 400 2145 .q'uod
422 2061 569 2138 verearis,
593 2059 640 2124 ita
662 2080 781 2138 cavere,
806 2062 853 2137 ut,
877 2079 949 2123 cum
970 2057 1073 2124 vitare
1095 2057 1231 2125 fortasse

315 2152 468 2233 potueris,
492 2148 577 2213 ultro
601 2169 737 2213 arcessas
760 2151 794 2212 et
815 2145 989 2213 attrahas.“

211 2271 277 2339 sub
300 2273 334 2354 a)
357 2271 376 2356 5
399 2270 436 2339 5:
470 2270 552 2348 Quid
582 2271 666 2336 enim
696 2275 763 2336 tam
793 2269 932 2336 alienum
954 2275 1003 2338 est
1025 2276 1063 2337 ab
1085 2271 1232 2338 humanis

318 2361 463 2427 sensibus
486 2381 582 2445 quam
607 2381 677 2426 eum
705 2358 806 2445 patris
836 2359 952 2426 habero
985 2360 1072 2438 loco,
1104 2359 1160 2444 qui
1192 2382 1234 2425 ne

316 2451 405 2516 liberi
439 2449 566 2535 quidem
598 2449 736 2514 hominis
770 2469 901 2514 numero
935 2449 998 2514 sit?
1043 2448 1165 2536 atqui
1188 2469 1232 2514 eo

317 2538 468 2618 tendit,
489 2538 529 2601 id
555 2538 656 2622 agit,
680 2537 728 2602 ad
750 2558 832 2601 eum
854 2537 1008 2602 exitum
1030 2543 1234 2623 properat

320 2627 382 2778 pir
403 2625 588 2746 optimus,
621 2627 663 2688 ut
691 2623 748 2687 sit
780 2623 848 2687 illi
871 2622 1069 2689 Octavius
1092 2625 1233 2710 propi·

226 2753 231 2759 -
346 2717 440 2778 1111.ι

213 2837 278 2904 sub
301 2833 348 2920 1)).
371 2839 392 2919 ὅ
415 2838 434 2902 5
458 2835 528 2902 fin:
553 2836 671 2921 „quid
700 2834 802 2901 euim
825 2840 970 2902 nostra
991 2834 1125 2902 refert
1147 2836 1234 2902 vio-

320 2931 408 2992 tum
443 2947 530 2992 esse
564 2924 807 3006 Antonium,
840 2924 871 2989 si
904 2924 1046 2990 victus
1080 2930 1159 3005 est,
1193 2931 1235 2992 ut

320 3013 398 3078 alii
428 3019 594 3080 vacaret
616 3014 719 3100 qaod
741 3013 817 3078 ille
839 3013 1064 3080 obtinuit?“

215 3137 281 3204 sut)
304 3137 349 3222 a).
374 3137 392 3220 θ
417 3139 453 3202 6:
489 3137 639 3216 „Vivat
660 3139 801 3205 hercle
824 3137 979 3221 Cicero,
1012 3137 1044 3203 si
1076 3139 1234 3222 potest,

322 3226 493 3311 supplex
515 3230 556 3292 et
577 3226 796 3305 obnoxius,
822 3228 849 3292 si
871 3228 1112 3310 ueqpeaetatia
1135 3248 1237 3312 neque

323 3315 481 3382 honorum
503 3336 605 3400 neque
627 3337 732 3379 rerum
755 3321 917 3402 gesturum
939 3315 1070 3400 pudet“.

262 3436 361 3505 Miror
383 3438 624 3524 quodammodo,
648 3438 734 3522 quod
756 3438 814 3504 has
837 3439 1001 3524 epistulas,
1023 3441 1135 3522 utpote
1157 3461 1237 3525 quae

173 3530 240 3592 tum
263 3525 374 3610 inopes
397 3527 462 3593 sint
484 3527 723 3605 sententiarum,
747 3528 849 3594 critici
871 3526 980 3613 Angli,
1005 3527 1147 3612 quamvis
1169 3526 1237 3612 ple·

172 3635 305 3698 rumque
327 3614 360 3677 iu
384 3621 501 3680 cetems
523 3616 623 3682 totius
645 3617 785 3694 corporis
807 3636 1000 3704 magnopere
1021 3615 1140 3681 invecti
1162 3616 1236 3694 siut,

171 3702 266 3769 laude
289 3701 426 3786 quadam
448 3702 637 3782 affecerunt,
667 3705 745 3789 quin
774 3703 871 3772 etiam
897 3703 1081 3770 tumulus
1108 3704 1237 3789 „gravi-

173 3794 274 3857 tatem
297 3791 546 3857 1111110111111111111ιι
569 3793 742 3878 perspicere
763 3794 880 3879 potuit,
903 3789 1034 3873 velatu:
1058 3793 1173 3869 „venio
1196 3791 1238 3856 ad

174 3879 325 3963 epistulas
353 3883 451 3965 atque
477 3878 518 3944 ad
545 3878 634 3945 illam
665 3881 810 3967 inprimis
841 3881 882 3948 ad
904 3879 1050 3946 Atticum
1072 3899 1149 3944 sane
1170 3879 1238 3946 bot·

174 4029 386 4042 -Μ

265 4107 286 4178 ¹)
304 4107 389 4178 epist.
407 4109 445 4167 ad
462 4107 684 4167 Middletonium
702 4125 751 4182 pg.
770 4107 832 4166 200.
930 4115 936 4122 '
